@book{Allaby2010,
address = {Oxford},
author = {Allaby, Michael},
doi = {10.1093/acref/9780199567669.001.0001},
edition = {4},
isbn = {9780199567669},
month = {jan},
pages = {418},
publisher = {Oxford University Press},
title = {{A Dictionary of Ecology}},
url = {http://www.oxfordreference.com/view/10.1093/acref/9780199567669.001.0001/acref-9780199567669},
year = {2010}
}
@article{Amengual2018,
author = {Amengual, J and Alvarez-Berastegui, D},
doi = {10.1016/j.biocon.2018.06.032},
journal = {Biological Conservation},
title = {{A critical evaluation of the Aichi Biodiversity Target 11 and the Mediterranean MPA network, two years ahead of its deadline}},
volume = {225},
year = {2018}
}
@book{Anderson2008,
address = {Plymouth, UK},
author = {Anderson, Marti J and Gorley, R N and Clarke, K R},
pages = {214},
publisher = {PRIMER-E Ltd},
title = {{PERMANOVA+ for PRIMER: Guide to Software and Statistical Methods}},
year = {2008}
}
@article{Anderson2006a,
author = {Anderson, Marti J.},
doi = {10.1111/j.1541-0420.2005.00440.x},
issn = {0006341X},
journal = {Biometrics},
keywords = {Dissimilarity,Heterogeneity,Levene's test,Multivariate analysis,Permutation tests,Principal coordinates,Robust methods},
month = {mar},
number = {1},
pages = {245--253},
pmid = {16542252},
title = {{Distance-Based Tests for Homogeneity of Multivariate Dispersions}},
volume = {62},
year = {2006}
}
@article{Anderson2001,
author = {Anderson, Marti J.},
doi = {10.1046/j.1442-9993.2001.01070.x},
issn = {14429985},
journal = {Austral Ecology},
keywords = {ANOVA,Distance measure,Experimental design,Important,Linear model,Multifactorial,Multivariate dissimilarity,Partitioning,Permutation tests,Statistics},
month = {feb},
number = {1},
pages = {32--46},
title = {{A new method for non-parametric multivariate analysis of variance}},
volume = {26},
year = {2001}
}
@article{Anh2014,
author = {Anh, Pham Viet and Everaert, Gert and Vinh, Chu Tien and Goethals, Peter},
doi = {10.1016/j.swaqe.2014.10.001},
issn = {2212-6139},
journal = {Sustainability of Water Quality and Ecology},
pages = {151--154},
publisher = {sciencedirect},
title = {{Need for integrated analysis and management instruments to attain sustainable fisheries in Vietnam}},
volume = {3},
year = {2014}
}
@article{Apitz2006,
author = {Apitz, Sabine E. and Elliott, Michael and Fountain, Michelle and Galloway, Tamara S.},
doi = {10.1897/1551-3793(2006)2[80:EEMMTA]2.0.CO;2},
issn = {15513777},
journal = {Integrated environmental assessment and management},
keywords = {basin,holistic environmental management river,scale management,strategy ecosystem approach,water framework directive},
number = {1},
pages = {80--85},
title = {{European environmental management: moving to an ecosystem approach.}},
volume = {2},
year = {2006}
}
@article{Archambault2001,
author = {Archambault, P. and Banwell, K. and Underwood, A. J.},
doi = {10.3354/meps222051},
issn = {01718630},
journal = {Marine Ecology Progress Series},
keywords = {Benthic assemblage,Experimental design,Green ephemeral algae,Human disturbance,Recovery,Sewage outfalls,Species richness},
pages = {51--62},
title = {{Temporal variation in the structure of intertidal assemblages following the removal of sewage}},
volume = {222},
year = {2001}
}
@article{Archambault1996,
author = {Archambault, Philippe and Bourget, Edwin},
doi = {10.3354/meps136111},
issn = {01718630},
journal = {Marine Ecology Progress Series},
keywords = {Abundance,Benthos,Diversity,Sampling design,Shore heterogeneity,Small- and large-scale heterogeneity,Species richness,Topographical heterogeneity},
number = {1-3},
pages = {111--121},
title = {{Scales of coastal heterogeneity and benthic intertidal species richness, diversity and abundance}},
volume = {136},
year = {1996}
}
@book{Archambault2016,
address = {Rimouski, QC, Canada},
author = {Archambault, Philippe and Schloss, Irene R and Grant, Cindy and Plante, Steve},
isbn = {9782981710307},
pages = {324},
publisher = {Notre Golfe},
title = {{Les hydrocarbures dans le golfe du Saint-Laurent : Enjeux sociaux, {\'{e}}conomiques et environnementaux}},
year = {2017}
}
@article{Arkema2006,
author = {Arkema, Katie K and Abramson, Sarah C and Dewsbury, Bryan M},
doi = {10.1890/1540-9295(2006)4[525:MEMFCT]2.0.CO;2},
issn = {1540-9309},
journal = {Frontiers in Ecology and the Environment},
number = {10},
title = {{Marine ecosystem‚Äêbased management: from characterization to implementation}},
volume = {4},
year = {2006}
}
@article{Arrigo2020,
author = {Arrigo, K. R. and van Dijken, Gert L. and Cameron, M. A. and van der Grient, J. and Wedding, L. M. and Hazen, L. and Leape, J. and Leonard, G. and Merkl, A. and Micheli, F. and Mills, M. M. and Monismith, S. and Ouellette, N. T. and Zivian, A. and Levi, M. and Bailey, R. M.},
doi = {10.1038/s41467-020-19899-z},
isbn = {4146702019899},
issn = {20411723},
journal = {Nature Communications},
number = {1},
pages = {1--8},
title = {{Synergistic interactions among growing stressors increase risk to an Arctic ecosystem}},
volume = {11},
year = {2020}
}
@article{Atkins2011,
author = {Atkins, Jonathan P. and Gregory, Amanda J. and Burdon, Daryl and Elliott, Michael},
doi = {10.1002/sres.1111},
issn = {10927026},
journal = {Systems Research and Behavioral Science},
keywords = {Complex adaptive systems,DPSIR framework,Ecosystem services,Marine policy,Sustainability},
number = {5},
pages = {497--508},
title = {{Managing the marine environment: Is the DPSIR framework holistic enough?}},
volume = {28},
year = {2011}
}
@article{Authier2017,
author = {Authier, M M and Commanducci, F D and Genov, T and Holcer, D and Ridoux, V and Salivas, M and Santos, M B and Spitz, J},
doi = {10.1016/j.marpol.2017.05.012},
issn = {0308597X (ISSN)},
journal = {Marine Policy},
language = {English},
number = {Eur. Energy Environ. Law Rev. 20 2011},
title = {{Cetacean conservation in the Mediterranean and Black Seas: Fostering transboundary collaboration through the European Marine Strategy Framework Directive}},
volume = {82},
year = {2017}
}
@misc{AZTI2019,
author = {AZTI},
publisher = {AZTI2019},
title = {{AZTI Marine Biotic Index Software}},
url = {https://ambi.azti.es/},
year = {2019}
}
@article{Bach2012,
author = {Bach, Lennart Thomas and Riebesell, Ulf and Sett, Scarlett and Febiri, Sarah and Rzepka, Paul and Schulz, Kai Georg},
doi = {10.1007/s00227-012-1945-2},
issn = {00253162},
journal = {Marine Biology},
number = {8},
pages = {1853--1864},
title = {{An approach for particle sinking velocity measurements in the 3-400 $\mu$m size range and considerations on the effect of temperature on sinking rates}},
volume = {159},
year = {2012}
}
@article{Bachelet1990,
author = {Bachelet, Guy},
doi = {10.1016/0141-1136(90)90008-C},
issn = {01411136},
journal = {Marine Environmental Research},
number = {1},
pages = {21--35},
title = {{The choice of a sieving mesh size in the quantitative assessment of marine macrobenthos: a necessary compromise between aims and constraints}},
volume = {30},
year = {1990}
}
@article{Baggio2018,
author = {Baggio, J A and Hillis, V},
doi = {10.1016/j.envsoft.2018.08.002},
issn = {1364-8152},
journal = {Environmental Modelling {\&} Software},
number = {PLoS One 12 2017},
title = {{Managing ecological disturbances: Learning and the structure of social-ecological networks}},
volume = {109},
year = {2018}
}
@article{Baird2005,
author = {Baird, R},
doi = {10.1016/s1570-0461(05)80026-6},
issn = {1570-0461},
journal = {Part I: Large Marine Ecosystems, Social Science Theory, and LME Management Methodology},
language = {English},
title = {{The human dimension in ecosystem management: Institutional performance and the sea grant paradigm}},
volume = {13},
year = {2005}
}
@book{Ball2009,
address = {United Kingdom},
author = {Ball, I R and Possingham, H P and Watts, M},
booktitle = {Oxford University Press},
issn = {9780199547777},
publisher = {Oxford University Press},
title = {{Marxan and relatives: software for spatial conservation prioritisation}},
year = {2009}
}
@article{Balmford2011,
author = {Balmford, Andrew and Fisher, Brendan and Green, Rhys E and Naidoo, Robin and Strassburg, Bernardo and Turner, Kerry R and Rodrigues, Ana S L},
doi = {10.1007/s10640-010-9413-2},
issn = {0924-6460},
journal = {Environmental and Resource Economics},
number = {2},
title = {{Bringing Ecosystem Services into the Real World: An Operational Framework for Assessing the Economic Consequences of Losing Wild Nature}},
volume = {48},
year = {2011}
}
@article{Ban2010,
author = {Ban, Natalie C. and Alidina, Hussein M. and Ardron, Jeff A.},
doi = {10.1016/j.marpol.2010.01.010},
issn = {0308597X},
journal = {Marine Policy},
keywords = {Anthropogenic stressors,Cumulative effects,Ecosystem-based management,Marine protected area,Marine spatial planning,Multiple stressors},
number = {5},
pages = {876--886},
publisher = {Elsevier},
title = {{Cumulative impact mapping: Advances, relevance and limitations to marine management and conservation, using Canada's Pacific waters as a case study}},
volume = {34},
year = {2010}
}
@article{Ban2008,
author = {Ban, Natalie and Alder, Jackie},
doi = {10.1002/aqc.816},
issn = {10527613},
journal = {Aquatic Conservation: Marine and Freshwater Ecosystems},
keywords = {British Columbia,Coastal zone management,Conservation planning,Fisheries,Human impact,Marine conservation,Marine protected areas,Stressors},
number = {1},
pages = {55--85},
title = {{How wild is the ocean? Assessing the intensity of anthropogenic marine activities in British Columbia, Canada}},
volume = {18},
year = {2008}
}
@article{Baselga2010,
author = {Baselga, Andr{\'{e}}s},
doi = {10.1111/j.1466-8238.2009.00490.x},
issn = {1466822X},
journal = {Global Ecology and Biogeography},
keywords = {Beta diversity,Cerambycidae,Europe,Nestedness,Similarity measures,Spatial turnover},
number = {1},
pages = {134--143},
title = {{Partitioning the turnover and nestedness components of beta diversity}},
volume = {19},
year = {2010}
}
@article{Bayer2008,
author = {Bayer, Elizabeth and Barnes, Richard A. and Rees, Hubert L.},
doi = {10.1093/icesjms/fsn141},
issn = {10543139},
journal = {ICES Journal of Marine Science},
keywords = {Aggregate extraction,Dredging,Ecosystem-based approach,Environmental legislation,Indicators,Management,Policy,Precautionary principle,Regulatory framework,Standards,Sustainable development},
number = {8},
pages = {1402--1406},
title = {{The regulatory framework for marine dredging indicators and their operational efficiency within the UK: A possible model for other nations?}},
volume = {65},
year = {2008}
}
@article{Beauchesne2020b,
author = {Beauchesne, David and Cazelles, Kevin and Archambault, Philippe and Dee, Laura E. and Gravel, Dominique},
doi = {10.22541/au.159621485.58777803},
journal = {Authorea},
keywords = {InPrep},
title = {{On the sensitivity of food webs to multiple stressors}},
year = {2020}
}
@article{Beauchesne2020a,
author = {Beauchesne, David and Daigle, R{\'{e}}mi M. and Vissault, Steve and Gravel, Dominique and Bastien, Andr{\'{e}}ane and B{\'{e}}langer, Simon and Bernatchez, Pascal and Blais, Marjolaine and Bourdages, Hugo and Chion, Cl{\'{e}}ment and Galbraith, Peter S. and Halpern, Benjamin S. and Lavoie, Camille and McKindsey, Christopher W. and Mucci, Alfonso and Pineault, Simon and Starr, Michel and Ste-Marie, Anne Sophie and Archambault, Philippe},
doi = {10.3389/fmars.2020.00383},
issn = {22967745},
journal = {Frontiers in Marine Science},
keywords = {St. Lawrence,ToRead,cumulative exposure,global change,multiple stressors,ocean observing systems},
number = {June},
pages = {1--14},
title = {{Characterizing Exposure to and Sharing Knowledge of Drivers of Environmental Change in the St. Lawrence System in Canada}},
volume = {7},
year = {2020}
}
@article{Beauchesne2016,
author = {Beauchesne, David and Grant, Cindy and Gravel, Dominique and Archambault, Philippe},
doi = {10.7202/1036503ar},
issn = {0028-0798},
journal = {Le Naturaliste canadien},
number = {2},
pages = {45},
title = {{L'{\'{e}}valuation des impacts cumul{\'{e}}s dans l'estuaire et le golfe du Saint-Laurent : vers une planification syst{\'{e}}mique de l'exploitation des ressources}},
volume = {140},
year = {2016}
}
@article{Beaumont2007,
author = {Beaumont, N J and Austen, M C and Atkins, J P and Burdon, D and Degraer, S and Dentinho, T P and Derous, S and Holm, P and Horton, T and Ierland, E and Marboe, A H and Starkey, D J and Townsend, M and Zarzycki, T},
doi = {10.1016/j.marpolbul.2006.12.003},
issn = {0025-326X},
journal = {Marine Pollution Bulletin},
number = {3},
title = {{Identification, definition and quantification of goods and services provided by marine biodiversity: Implications for the ecosystem approach}},
volume = {54},
year = {2007}
}
@article{Beever2006,
author = {Beever, Erik A},
doi = {10.1898/1051-1733(2006)87[66:mbdstl]2.0.co;2},
issn = {1051-1733},
journal = {Northwestern Naturalist},
number = {1},
pages = {66--79},
title = {{Monitoring Biological Diversity: Strategies, Tools, Limitations, and Challenges}},
volume = {87},
year = {2006}
}
@article{Belley2010,
author = {Belley, R{\'{e}}nald and Archambault, Philippe and Sundby, Bjorn and Gilbert, Franck and Gagnon, Jean Marc},
doi = {10.1016/j.csr.2010.04.010},
issn = {02784343},
journal = {Continental Shelf Research},
keywords = {Biodiversity,Bioturbation traces,Gulf of St. Lawrence,Hypoxia,Macrofauna,Photography},
number = {12},
pages = {1302--1313},
title = {{Effects of hypoxia on benthic macrofauna and bioturbation in the Estuary and Gulf of St. Lawrence, Canada}},
volume = {30},
year = {2010}
}
@article{Belley2016,
author = {Belley, R{\'{e}}nald and Snelgrove, Paul V.R. and Archambault, Philippe and Juniper, S. Kim},
doi = {10.1371/journal.pone.0151110},
issn = {19326203},
journal = {PLoS ONE},
number = {3},
pages = {1--26},
title = {{Environmental Drivers of Benthic Flux Variation and Ecosystem Functioning in Salish Sea and Northeast Pacific Sediments}},
volume = {11},
year = {2016}
}
@article{Biedenweg2016,
author = {Biedenweg, Kelly and Stiles, Kari and Wellman, Katharine},
doi = {10.1016/j.marpol.2015.11.002},
issn = {0308-597X},
journal = {Marine Policy},
language = {English},
title = {{A holistic framework for identifying human wellbeing indicators for marine policy}},
volume = {64},
year = {2016}
}
@article{Binkley2020,
author = {Binkley, Alex},
journal = {Canadian Sailings},
month = {feb},
pages = {12--16},
title = {{Where is the federal port modernization review headed?}},
url = {https://www.canadiansailings.ca/documents/weekly{\_}issue/feb{\_}2020/feb{\_}24{\_}2020.pdf},
year = {2020}
}
@article{Bishop2002,
author = {Bishop, M. J. and Underwood, A. J. and Archambault, P.},
doi = {10.3354/meps236121},
issn = {01718630},
journal = {Marine Ecology Progress Series},
keywords = {Abundance,Contaminant,Ecological impact,Gradient,Point-source disturbance,Sewage outfall,Spatial scale,Variance},
pages = {121--128},
title = {{Sewage and environmental impacts on rocky shores: Necessity of identifying relevant spatial scales}},
volume = {236},
year = {2002}
}
@article{Bolton2004,
author = {Bolton, Jennie L. and Stehr, Carla M. and Boyd, Daryle T. and Burrows, Douglas G. and Tkalin, Alexander V. and Lishavskaya, Tatiana S.},
doi = {10.1016/S0141-1136(03)00058-8},
issn = {01411136},
journal = {Marine Environmental Research},
keywords = {Congeners,Hydrocarbon,Organochlorine,Pleuronectes vetulus,Pollution monitoring,Sediments,Trace elements,Vancouver Harbour},
number = {1-2},
pages = {19--36},
title = {{Organic and trace metal contaminants in sediments and English sole tissues from Vancouver Harbour, Canada}},
volume = {57},
year = {2004}
}
@article{Boonstra2015,
author = {Boonstra, W. J. and Ottosen, K. M. and Ferreira, A. S.A. and Richter, A. and Rogers, L. A. and Pedersen, M. W. and Kokkalis, A. and Bardarson, H. and Bonanomi, S. and Butler, W. and Diekert, F. K. and Fouzai, N. and Holma, M. and Holt, R. E. and Kvile, K. and Malanski, E. and Macdonald, J. I. and Nieminen, E. and Romagnoni, G. and Snickars, M. and Weigel, B. and Woods, P. and Yletyinen, J. and Whittington, J. D.},
doi = {10.1016/j.marpol.2015.06.007},
issn = {0308597X},
journal = {Marine Policy},
keywords = {Consensus,Controversy,Expert survey,Global threats for marine environments,Interdisciplinarity in marine science},
pages = {197--201},
publisher = {Elsevier},
title = {{What are the major global threats and impacts in marine environments? Investigating the contours of a shared perception among marine scientists from the bottom-up}},
volume = {60},
year = {2015}
}
@techreport{Borja2015b,
author = {Borja, A and Elliott, M. and Andersen, JH. and Cardoso, AC and Carstensen, J and Ferreira, JG and Heiskanen, A-S and Marques, JC. and Neto, JM and Teixeira, H and Uusitalo, L and Uyarra, MC and Zampoukas, N and Prins, T and Simboura, N. and Berg, T and Papadopoulou, N and Reker, J and Menchaca, I},
pages = {62},
title = {{Report on potential Definition of Good Environmental Status Deliverable 6.2, DEVOTES Project}},
year = {2015}
}
@article{Borja2008b,
author = {Borja, A. and Dauer, D. M. and D{\'{i}}az, R. and Llans{\'{o}}, R. J. and Muxika, I. and Rodr{\'{i}}guez, J. G. and Schaffner, L.},
doi = {10.1016/j.ecolind.2007.05.003},
issn = {1470160X},
journal = {Ecological Indicators},
keywords = {AMBI,B-IBI,Biotic indices,Chesapeake Bay,Comparison of methods,Ecological integrity,M-AMBI},
number = {4},
pages = {395--403},
title = {{Assessing estuarine benthic quality conditions in Chesapeake Bay: A comparison of three indices}},
volume = {8},
year = {2008}
}
@article{Borja2000,
author = {Borja, A. and Franco, J. and P{\'{e}}rez, V.},
doi = {10.1016/S0025-326X(00)00061-8},
issn = {0025326X},
journal = {Marine Pollution Bulletin},
keywords = {Benthos,Biotic index,Diversity,Ecological quality,European coastal environments,Soft-bottom},
number = {12},
pages = {1100--1114},
title = {{A marine Biotic Index to establish the ecological quality of soft-bottom benthos within European estuarine and coastal environments}},
volume = {40},
year = {2000}
}
@article{Borja2014,
author = {Borja, Angel},
doi = {10.3389/fmars.2014.00001},
issn = {22967745},
journal = {Frontiers in Marine Science},
keywords = {Biodiversity,Conservation and protection,Ecosystem services,Ecosystems health,Functionality,Global change,Human pressures,ecosystem-based management},
number = {FEB},
title = {{Grand challenges in marine ecosystems ecology}},
volume = {1},
year = {2014}
}
@article{Borja2008c,
author = {Borja, {\'{A}}ngel and Bricker, Suzanne B. and Dauer, Daniel M. and Demetriades, Nicolette T. and Ferreira, Jo{\~{a}}o G. and Forbes, Anthony T. and Hutchings, Pat and Jia, Xiaoping and Kenchington, Richard and Marques, Jo{\~{a}}o Carlos and Zhu, Changbo},
doi = {10.1016/j.marpolbul.2008.07.005},
issn = {0025326X},
journal = {Marine Pollution Bulletin},
keywords = {Ecological integrity,Ecological status,Environmental quality,Integrative assessment,Marine parks},
number = {9},
pages = {1519--1537},
title = {{Overview of integrative tools and methods in assessing ecological integrity in estuarine and coastal systems worldwide}},
volume = {56},
year = {2008}
}
@article{Borja2012,
author = {Borja, {\'{A}}ngel and Dauer, Daniel M. and Gr{\'{e}}mare, Antoine},
doi = {10.1016/j.ecolind.2011.06.018},
issn = {1470160X},
journal = {Ecological Indicators},
keywords = {Benthic status,Ecological status,Indicators,M-AMBI,Reference conditions,Targets},
number = {1},
pages = {1--7},
title = {{The importance of setting targets and reference conditions in assessing marine ecosystem quality}},
volume = {12},
year = {2012}
}
@article{Borja2016b,
author = {Borja, Angel and Elliott, Michael and Snelgrove, Paul V R and Austen, Melanie C and Berg, Torsten and Cochrane, Sabine and Carstensen, Jacob and Danovaro, Roberto and Greenstreet, Simon and Heiskanen, Anna-Stiina and Lynam, Christopher P and Mea, Marianna and Newton, Alice and Patr{\'{i}}cio, Joana and Uusitalo, Laura and Uyarra, Mar{\'{i}}a C and Wilson, Christian},
doi = {10.3389/fmars.2016.00175},
issn = {2296-7745},
journal = {Frontiers in Marine Science},
title = {{Bridging the Gap between Policy and Science in Assessing the Health Status of Marine Ecosystems}},
volume = {3},
year = {2016}
}
@article{Borja2013,
author = {Borja, Angel and Elliott, Mike and Andersen, Jesper H. and Cardoso, Ana C. and Carstensen, Jacob and Ferreira, Jo{\~{a}}o G. and Heiskanen, Anna Stiina and Marques, Jo{\~{a}}o C. and Neto, Jo{\~{a}}o M. and Teixeira, Heliana and Uusitalo, Laura and Uyarra, Mar{\'{i}}a C. and Zampoukas, Nikolaos},
doi = {10.1016/j.marpolbul.2013.08.042},
issn = {0025326X},
journal = {Marine Pollution Bulletin},
keywords = {Assessment,Descriptors,Good Environmental Status,Indicators,Integration,Marine Strategy Framework Directive},
number = {1-2},
pages = {16--27},
title = {{Good Environmental Status of marine ecosystems: What is it and how do we know when we have attained it?}},
volume = {76},
year = {2013}
}
@article{Borja2010,
author = {Borja, {\'{A}}ngel and Elliott, Mike and Carstensen, Jacob and Heiskanen, Anna-Stiina and van de Bund, Wouter},
doi = {10.1016/j.marpolbul.2010.09.026},
issn = {0025-326X},
journal = {Marine Pollution Bulletin},
language = {English},
number = {12},
title = {{Marine management ‚Äì Towards an integrated implementation of the European Marine Strategy Framework and the Water Framework Directives}},
volume = {60},
year = {2010}
}
@book{Bourget1997,
address = {Qu{\'{e}}bec},
author = {Bourget, Edwin},
isbn = {9782763775012},
keywords = {ToCite},
pages = {268},
publisher = {Presses Universit{\'{e}} Laval},
title = {{Les animaux littoraux du Saint-Laurent}},
year = {1997}
}
@article{Bourque2018,
author = {Bourque, Jill R. and Demopoulos, Amanda W.J.},
doi = {10.7717/peerj.5276},
issn = {21678359},
journal = {PeerJ},
keywords = {Community ecology,Functional traits,Gulf of Mexico,Lophelia pertusa,Madrepora oculata,Octocorals,Sediment macrofauna},
number = {6},
title = {{The influence of different deep-sea coral habitats on sediment macrofaunal community structure and function}},
volume = {2018},
year = {2018}
}
@incollection{Brander2010,
address = {Oxford},
author = {Brander, Keith and Botsford, Louis W. and Ciannelli, Lorenzo and Fogarty, Michael J. and Heath, Michael and Planque, Benjamin and Shannon, Lynne J. and Wieland, Kai},
booktitle = {Marine Ecosystems and Global Change},
chapter = {3},
doi = {10.1093/acprof:oso/9780199558025.001.0001},
editor = {{Manuel Barange, John G. Field, Roger P. Harris, Eileen E. Hofmann, R. Ian Perry}, Francisco Werner},
issn = {9780199558025},
pages = {41--71},
publisher = {Oxford University Press},
title = {{Human impacts on marine ecosystems}},
year = {2010}
}
@book{Bringezu2009,
address = {London},
author = {Bringezu, S and Bleischwitz, R},
booktitle = {Routledge},
edition = {1},
issn = {9781351279284},
publisher = {Routledge},
title = {{Sustainable resource management: global trends, visions and policies}},
year = {2009}
}
@article{Brodziak2002,
author = {Brodziak, J and Link, J},
issn = {0007-4977},
journal = {Bulletin of Marine Science},
language = {English},
number = {2},
title = {{Ecosystem-based fishery management: What is it and how can we do it?}},
volume = {70},
year = {2002}
}
@article{Brown2014,
author = {Brown, Christopher J. and Saunders, Megan I. and Possingham, Hugh P. and Richardson, Anthony J.},
doi = {10.1111/ddi.12159},
editor = {Essl, Franz},
issn = {13669516},
journal = {Diversity and Distributions},
keywords = {Antagonistic threats,Biodiversity prioritization,Ecosystem stress mapping,Multiple stressors,Seagrass,Synergistic threats,Threat mapping},
month = {may},
number = {5},
pages = {538--546},
title = {{Interactions between global and local stressors of ecosystems determine management effectiveness in cumulative impact mapping}},
volume = {20},
year = {2014}
}
@article{Brown2013,
author = {Brown, Christopher J. and Saunders, Megan I. and Possingham, Hugh P. and Richardson, Anthony J.},
doi = {10.1371/journal.pone.0065765},
issn = {19326203},
journal = {PLoS ONE},
number = {6},
title = {{Managing for Interactions between Local and Global Stressors of Ecosystems}},
volume = {8},
year = {2013}
}
@article{Brown2016,
author = {Brown, Emily A and Chain, Fr{\'{e}}d{\'{e}}ric J J and Zhan, Aibin and MacIsaac, Hugh J and Cristescu, Melania E},
doi = {10.1111/ddi.12465},
issn = {1472-4642},
journal = {Diversity and Distributions},
number = {10},
title = {{Early detection of aquatic invaders using metabarcoding reveals a high number of non‚Äêindigenous species in Canadian ports}},
volume = {22},
year = {2016}
}
@techreport{Brunel1998,
address = {Ottawa},
author = {Brunel, Pierre and Boss{\'{e}}, Luci and Lamarche, Gabriel},
institution = {Canadian Special Publication of Fisheries and Aquatic Sciences},
isbn = {9780660803661},
pages = {405},
publisher = {NRC Research Press},
title = {{Catalogue of the Marine Invertebrates of the Estuary and Gulf of Saint Lawrence}},
year = {1998}
}
@techreport{Buchet2010,
author = {Buchet, R{\'{e}}mi},
institution = {Institut Fran{\c{c}}ais pour la Recherche et l'Exploitation de la Mer},
keywords = {ToCite},
pages = {64},
title = {{Directive Cadre sur l'Eau : Consolidation des conditions de r{\'{e}}f{\'{e}}rence pour les l'{\'{e}}valuation des masses d'eau biologiques impliqu{\'{e}}s dans {\'{e}}l{\'{e}}ments de qualit{\'{e}} littorales}},
year = {2010}
}
@article{Bulleri2009,
author = {Bulleri, Fabio},
doi = {10.1111/j.1365-2745.2009.01567.x},
issn = {1365-2745},
journal = {Journal of Ecology},
number = {6},
title = {{Facilitation research in marine systems: state of the art, emerging patterns and insights for future developments}},
volume = {97},
year = {2009}
}
@techreport{Bund2007,
address = {Luxembourg},
author = {Bund, Wouter Van De and Solimini, Angelo G},
institution = {European Commission Joint Research Centre, Institute for Environment and Sustainability},
pages = {24},
title = {{Ecological Quality Ratios for ecological quality assessment in inland and marine waters}},
url = {http://scholar.google.com/scholar?hl=en{\&}btnG=Search{\&}q=intitle:Ecological+Quality+Ratios+for+ecological+quality+assessment+in+inland+and+marine+waters{\#}8},
year = {2007}
}
@article{Burd2008,
author = {Burd, B. J. and Barnes, P. A.G. and Wright, C. A. and Thomson, R. E.},
doi = {10.1016/j.marenvres.2008.09.004},
issn = {01411136},
journal = {Marine Environmental Research},
keywords = {Anthropogenic influences,Benthos,British Columbia,Intertidal communities,Strait of Georgia,Subtidal communities},
pmid = {19036427},
title = {{A review of subtidal benthic habitats and invertebrate biota of the Strait of Georgia, British Columbia}},
volume = {66},
year = {2008}
}
@article{Burgess2018,
author = {Burgess, Matthew G and Clemence, Michaela and McDermott, Grant R and Costello, Christopher and Gaines, Steven D},
doi = {10.1016/j.marpol.2016.12.005},
issn = {0308-597X},
journal = {Marine Policy},
pages = {331--339},
publisher = {sciencedirect},
title = {{Five rules for pragmatic blue growth}},
volume = {87},
year = {2018}
}
@article{Burton2014,
author = {Burton, Cole A and Huggard, David and Bayne, Erin and Schieck, Jim and S{\'{o}}lymos, P{\'{e}}ter and Muhly, Tyler and Farr, Dan and Boutin, Stan},
doi = {10.1007/s10661-014-3643-7},
issn = {0167-6369},
journal = {Environmental Monitoring and Assessment},
number = {6},
title = {{A framework for adaptive monitoring of the cumulative effects of human footprint on biodiversity}},
volume = {186},
year = {2014}
}
@article{Burton2005,
author = {Burton, Edward D and Phillips, Ian R and Hawker, Darryl W},
doi = {10.2134/jeq2005.0263},
issn = {00472425},
journal = {Journal of Environmental Quality},
month = {jan},
number = {1},
pages = {263--273},
title = {{Geochemical Partitioning of Copper, Lead, and Zinc in Benthic, Estuarine Sediment Profiles}},
volume = {34},
year = {2005}
}
@article{Butchart2015,
author = {Butchart, Stuart H.M. and Clarke, Martin and Smith, Robert J. and Sykes, Rachel E. and Scharlemann, J{\"{o}}rn P.W. and Harfoot, Mike and Buchanan, Graeme M. and Angulo, Ariadne and Balmford, Andrew and Bertzky, Bastian and Brooks, Thomas M. and Carpenter, Kent E. and Comeros-Raynal, Mia T. and Cornell, John and Ficetola, G. Francesco and Fishpool, Lincoln D.C. and Fuller, Richard A. and Geldmann, Jonas and Harwell, Heather and Hilton-Taylor, Craig and Hoffmann, Michael and Joolia, Ackbar and Joppa, Lucas and Kingston, Naomi and May, Ian and Milam, Amy and Polidoro, Beth and Ralph, Gina and Richman, Nadia and Rondinini, Carlo and Segan, Daniel B. and Skolnik, Benjamin and Spalding, Mark D. and Stuart, Simon N. and Symes, Andy and Taylor, Joseph and Visconti, Piero and Watson, James E.M. and Wood, Louisa and Burgess, Neil D.},
doi = {10.1111/conl.12158},
issn = {1755263X},
journal = {Conservation Letters},
keywords = {Aichi Targets,Alliance for Zero Extinction,Convention on Biological Diversity,IUCN Red List,Important Bird and Biodiversity Areas,Key Biodiversity Areas,Protected areas},
number = {5},
pages = {329--337},
title = {{Shortfalls and Solutions for Meeting National and Global Conservation Area Targets}},
volume = {8},
year = {2015}
}
@article{Calabretta2008,
author = {Calabretta, Christopher J and Oviatt, Candace A},
doi = {10.1016/j.marpolbul.2008.07.012},
issn = {0025-326X},
journal = {Mar Pol Bull},
number = {10},
pages = {1680--1695},
pmid = {18774145},
title = {{The response of benthic macrofauna to anthropogenic stress in Narragansett Bay, Rhode Island: a review of human stressors and assessment of community{\~{}}conditions}},
volume = {56},
year = {2008}
}
@article{Calamia1999,
author = {Calamia, Mark A},
journal = {SPC Traditional Marine Resource Management and Knowledge Information Bulletin},
title = {{A methodology for incorporating traditional ecological knowledge with geographic information systems for marine resource management in the Pacific}},
volume = {10},
year = {1999}
}
@article{Callier2008,
author = {Callier, Myriam D. and McKindsey, Christopher W. and Desrosiers, Gaston},
doi = {10.1016/j.aquaculture.2008.03.026},
issn = {00448486},
journal = {Aquaculture},
keywords = {AMBI,Abundance,Aquaculture effects,Biomass,Diversity,Macrofaunal community structure,Organic enrichment,Richness,SPI},
number = {1-4},
pages = {77--88},
title = {{Evaluation of indicators used to detect mussel farm influence on the benthos: Two case studies in the Magdalen Islands, Eastern Canada}},
volume = {278},
year = {2008}
}
@misc{CHONE2016,
author = {{Canadian Healthy Oceans Network}},
title = {{To evaluate and model how natural and anthropogenic stressors interact to imapct pelagic and benthic communities along a sub-Arctic coastline and develop bay-scale condition indicators}},
url = {https://chone2.ca/find-research/coastal-stressors/},
urldate = {2020-12-18},
year = {2016}
}
@article{Cantatore2014,
author = {Cantatore, D M P and Timi, J T},
doi = {10.1017/s0031182013002138},
issn = {0031-1820},
journal = {Parasitology},
number = {1},
title = {{Marine parasites as biological tags in South American Atlantic waters, current status and perspectives}},
volume = {142},
year = {2014}
}
@article{Cardinale2012,
author = {Cardinale, Bradley J. and Duffy, J. Emmett and Gonzalez, Andrew and Hooper, David U. and Perrings, Charles and Venail, Patrick and Narwani, Anita and MacE, Georgina M. and Tilman, David and Wardle, David A. and Kinzig, Ann P. and Daily, Gretchen C. and Loreau, Michel and Grace, James B. and Larigauderie, Anne and Srivastava, Diane S. and Naeem, Shahid},
doi = {10.1038/nature11148},
issn = {14764687},
journal = {Nature},
number = {7401},
pages = {59--67},
title = {{Biodiversity loss and its impact on humanity}},
volume = {486},
year = {2012}
}
@article{Carlisle2014,
author = {Carlisle, Keith M},
doi = {10.1016/j.envdev.2013.10.003},
issn = {2211-4645},
journal = {Environmental Development},
pages = {19--42},
publisher = {sciencedirect},
title = {{The Large Marine Ecosystem approach: Application of an integrated, modular strategy in projects supported by the Global Environment Facility}},
volume = {11},
year = {2014}
}
@article{Carpenter2009,
author = {Carpenter, Stephen R. and Mooney, Harold A. and Agard, John and Capistrano, Doris and Defries, Ruth S. and Diaz, Sandra and Dietz, Thomas and Duraiappah, Anantha K. and Oteng-Yeboah, Alfred and Pereira, Henrique Miguel and Perrings, Charles and Reid, Walter V. and Sarukhan, Jose and Scholes, Robert J. and Whyte, Anne},
doi = {10.1073/pnas.0808772106},
issn = {00278424},
journal = {Proceedings of the National Academy of Sciences of the United States of America},
number = {5},
pages = {1305--1312},
pmid = {19179280},
title = {{Science for managing ecosystem services: Beyond the Millennium Ecosystem Assessment}},
volume = {106},
year = {2009}
}
@article{CarrierBelleau_InPrep,
author = {Carrier-Belleau, Charlotte and Drolet, David and McKindsey, Christopher William and Archambault, Philippe},
journal = {Scientific Reports},
keywords = {InPrep},
title = {{Environmental stressors, complex interactions and marine benthic communities' responses}}
}
@book{Carriere2018,
address = {Sept-{\^{I}}les, QC},
author = {Carri{\`{e}}re, Julie},
editor = {Carri{\`{e}}re, Julie},
isbn = {978-2-9817636-0-0},
pages = {792},
publisher = {Institut Nordique de Recherche en Environnement et en Sant{\'{e}} au Travail},
title = {{Observatoire de la Baie de Sept {\^{I}}les}},
year = {2018}
}
@article{Casale2011,
author = {Casale, Paolo},
doi = {10.1111/j.1467-2979.2010.00394.x},
issn = {1467-2979},
journal = {Fish and Fisheries},
language = {English},
number = {3},
title = {{Sea turtle by‚Äêcatch in the Mediterranean}},
volume = {12},
year = {2011}
}
@techreport{CEAEQ2014,
address = {Qu{\'{e}}bec},
author = {{Centre d'Expertise en Analyse Environnementale du Qu{\'{e}}bec}},
booktitle = {Minist{\`{e}}re du D{\'{e}}veloppement Durable de L'environnement et de la Lutte contre les Changements Climatiques du Qu{\'{e}}bec},
institution = {Minist{\`{e}}re du D{\'{e}}veloppement durable, de l'Environnement et de la Lutte contre les changements climatiques du Qu{\'{e}}bec},
title = {{D{\'{e}}termination des m{\'{e}}taux: m{\'{e}}thode par spectrom{\'{e}}trie de masse {\`{a}} source ionisante au plasma d'argon}},
url = {http://scholar.google.com/scholar?q=D{\'{e}}termination des m{\'{e}}taux : m{\'{e}}thode par spectrom{\'{e}}trie de masse {\`{a}} source ionisante au plasma d'argon{\&}btnG={\&}hl=en{\&}num=20{\&}as{\_}sdt=0{\%}2C22},
year = {2014}
}
@incollection{Chamley1989,
address = {Berlin, Heidelberg},
author = {Chamley, Herv{\'{e}}},
booktitle = {Clay Sedimentology},
chapter = {6},
isbn = {9783642859168},
keywords = {Abyssal Plain,Amazon River,Differential Settling,Nepheloid Layer,Sediment Trap},
pages = {117--131},
publisher = {Springer},
title = {{Clay Sorting and Settling in the Ocean}},
year = {1989}
}
@article{Chan2010,
author = {Chan, Kai M.A. and Ruckelshaus, Mary},
doi = {10.3410/B2-54},
issn = {17404118},
journal = {F1000 Biology Reports},
number = {1},
pages = {1--6},
title = {{Characterizing changes in marine ecosystem services}},
volume = {2},
year = {2010}
}
@article{Chao1987,
author = {Chao, Anne},
doi = {10.2307/2531532},
issn = {0006341X},
journal = {Biometrics},
number = {4},
pages = {783},
title = {{Estimating the Population Size for Capture-Recapture Data with Unequal Catchability}},
volume = {43},
year = {1987}
}
@article{Chapman2016,
author = {Chapman, Peter M.},
doi = {10.1016/j.marpolbul.2016.10.039},
issn = {0025-326X},
journal = {Marine Pollution Bulletin},
keywords = {Climate change,Ecosystem services,Invasive species,Marine,Pollution,Wicked problems},
number = {2},
pages = {587--590},
title = {{Assessing and managing stressors in a changing marine environment}},
volume = {124},
year = {2016}
}
@article{Chiarelli2014,
author = {Chiarelli, Roberto and Roccheri, Maria Carmela},
doi = {10.4236/ojmetal.2014.44011},
issn = {2164-2761},
journal = {Open Journal of Metal},
pages = {93--106},
title = {{Marine Invertebrates as Bioindicators of Heavy Metal Pollution}},
volume = {4},
year = {2014}
}
@article{Cicin-Sain2005,
author = {Cicin-Sain, Biliana and Belfiore, Stefano},
doi = {10.1016/j.ocecoaman.2006.01.001},
issn = {0964-5691},
journal = {Ocean {\&} Coastal Management},
number = {11-12},
title = {{Linking marine protected areas to integrated coastal and ocean management: A review of theory and practice}},
volume = {48},
year = {2005}
}
@article{Cisneros-Montemayor2018,
author = {Cisneros-Montemayor, Andr{\'{e}}s M. and Singh, Gerald G. and Cheung, William W.L.},
doi = {10.1007/s13280-017-0998-3},
issn = {16547209},
journal = {Ambio},
keywords = {Adaptive management,Aichi Biodiversity Targets,Convention on Biological Diversity,Fuzzy logic,Policy evaluation},
number = {5},
pages = {595--607},
title = {{A fuzzy logic expert system for evaluating policy progress towards sustainability goals}},
volume = {47},
year = {2018}
}
@article{Clark2015,
author = {Clark, Graeme F and Kelaher, Brendan P and Dafforn, Katherine A and Coleman, Melinda A and Knott, Nathan A and Marzinelli, Ezequiel M and Johnston, Emma L},
doi = {10.1016/j.envpol.2014.09.017},
issn = {0269-7491},
journal = {Environ Pollut},
pages = {12--20},
pmid = {25282127},
title = {{What does impacted look like? High diversity and abundance of epibiota in modified estuaries}},
volume = {196},
year = {2015}
}
@article{Clarke2006,
address = {Plymouth, UK},
author = {Clarke, K R and Gorley, R N},
journal = {PRIMER-E Ltd},
publisher = {PRIMER-E Ltd},
title = {{PRIMER v6: User Manual/Tutorial}},
year = {2006}
}
@article{Clarke1998,
author = {Clarke, K R and Warwick, R M},
doi = {10.1046/j.1365-2664.1998.3540523.x},
issn = {0021-8901},
journal = {Journal of Applied Ecology},
keywords = {ToCite},
month = {aug},
number = {4},
pages = {523--531},
title = {{A taxonomic distinctness index and its statistical properties}},
volume = {35},
year = {1998}
}
@book{Clarke2001,
address = {Plymouth, UK},
author = {Clarke, K R and Warwick, R M},
edition = {2},
pages = {175},
publisher = {PRIMER-E Ltd},
title = {{Change in marine communities: an approach to statistical analysis and interpretation}},
year = {2001}
}
@article{Clarke1993,
author = {Clarke, K. R.},
doi = {10.1111/j.1442-9993.1993.tb00438.x},
issn = {14429993},
journal = {Australian Journal of Ecology},
number = {1},
pages = {117--143},
title = {{Non‚Äêparametric multivariate analyses of changes in community structure}},
volume = {18},
year = {1993}
}
@article{Clarke1990,
author = {Clarke, K. Robert},
doi = {10.1016/0022-0981(90)90181-B},
issn = {00220981},
journal = {Journal of Experimental Marine Biology and Ecology},
keywords = {Community structure,Disturbance,Dominance curve,Statistical test,Transformation},
number = {1-2},
pages = {143--157},
title = {{Comparisons of dominance curves}},
volume = {138},
year = {1990}
}
@article{Comin2004,
author = {Com{\'{i}}n, Francisco A. and Men{\'{e}}ndez, Margarita and Herrera, Jorge A.},
doi = {10.1002/aqc.646},
issn = {1052-7613},
journal = {Aquatic Conservation: Marine and Freshwater Ecosystems},
keywords = {Coastal lagoons,Estuaries,Monitoring,Scales,Space,Time},
number = {S1},
pages = {S5--S17},
title = {{Spatial and temporal scales for monitoring coastal aquatic ecosystems}},
volume = {14},
year = {2004}
}
@article{Conversi2015,
author = {Conversi, Alessandra and Dakos, Vasilis and G{\aa}rdmark, Anna and Ling, Scott and Folke, Carl and Mumby, Peter J and Greene, Charles and Edwards, Martin and Blenckner, Thorsten and Casini, Michele and Pershing, Andrew and M{\"{o}}llmann, Christian},
doi = {10.1098/rstb.2013.0279},
issn = {0962-8436},
journal = {Phil. Trans. R. Soc. B},
language = {English},
number = {1659},
title = {{A holistic view of marine regime shifts}},
volume = {370},
year = {2015}
}
@article{Cook2014,
author = {Cook, Geoffrey S. and Fletcher, Pamela J. and Kelble, Christopher R.},
doi = {10.1016/j.ecolind.2013.10.026},
issn = {1470160X},
journal = {Ecological Indicators},
keywords = {DPSIR,Ecosystem based management,Ecosystem services,MARES,Social-ecological systems},
pages = {26--39},
publisher = {Elsevier Ltd},
title = {{Towards marine ecosystem based management in South Florida: Investigating the connections among ecosystem pressures, states, and services in a complex coastal system}},
volume = {44},
year = {2014}
}
@article{Cook1977,
author = {Cook, R. Dennis},
doi = {10.2307/1268249},
issn = {00401706},
journal = {Technometrics},
keywords = {if a potentially critical,measures then,more of the above,observation has been de-,tected using one or},
number = {1},
pages = {15--18},
title = {{Detection of Influential Observation in Linear Regression}},
volume = {19},
year = {1977}
}
@article{Cooper2011,
author = {Cooper, K M and Curtis, M and Hussin, Wan and Froj{\'{a}}n, Barrio and Defew, E C and Nye, V and Paterson, D M},
doi = {10.1016/j.marpolbul.2011.07.021},
issn = {0025-326X},
journal = {Marine Pollution Bulletin},
number = {10},
pages = {2087--2094},
pmid = {21872890},
title = {{Implications of dredging induced changes in sediment particle size composition for the structure and function of marine benthic macrofaunal communities.}},
volume = {62},
year = {2011}
}
@article{Corlett2015,
author = {Corlett, Richard T},
doi = {10.1016/j.tree.2014.10.007},
issn = {0169-5347},
journal = {Trends in Ecology {\&} Evolution},
number = {1},
pages = {36--41},
publisher = {sciencedirect},
title = {{The Anthropocene concept in ecology and conservation}},
volume = {30},
year = {2015}
}
@incollection{Costello2017,
address = {Cham},
author = {Costello, Mark J and Basher, Zeenatul and McLeod, Laura and Asaad, Irawan and Claus, Simon and Vandepitte, Leen and Yasuhara, Moriaki and Gislason, Henrik and Edwards, Martin and Appeltans, Ward and Enevoldsen, Henrik and Edgar, Graham J. and Miloslavich, Patricia and {De Monte}, Silvia and Pinto, Isabel Sousa and Obura, David and Bates, Amanda E.},
booktitle = {The GEO Handbook on Biodiversity Observation Networks},
chapter = {6},
doi = {10.1007/978-3-319-27288-7_6},
issn = {9783319272863},
pages = {129--163},
publisher = {Springer International Publishing},
title = {{Methods for the Study of Marine Biodiversity}},
url = {http://link.springer.com/10.1007/978-3-319-27288-7{\_}6},
year = {2017}
}
@article{Cote2016,
author = {C{\^{o}}t{\'{e}}, Isabelle M. and Darling, Emily S. and Brown, Christopher J.},
doi = {10.1098/rspb.2015.2592},
issn = {14712954},
journal = {Proceedings of the Royal Society B: Biological Sciences},
keywords = {Ecological experiments,Ecological surprises,Global change,Non-additive effects},
number = {1824},
pages = {1--9},
title = {{Interactions among ecosystem stressors and their importance in conservation}},
volume = {283},
year = {2016}
}
@article{Cotter2015,
author = {Cotter, John and Lart, William and {De Rozarieux}, Nathan and Kingston, Al and Caslake, Richard and Quesne, Will Le and Jennings, Simon and Caveen, Alex and Brown, Mary},
doi = {10.1093/icesjms/fsu167},
issn = {10959289},
journal = {ICES Journal of Marine Science},
number = {3},
pages = {1092--1104},
title = {{A development of ecological risk screening with an application to fisheries off SW England}},
volume = {72},
year = {2015}
}
@article{Couto2010,
author = {Couto, Thiago and Patr{\'{i}}cio, Joana and Neto, Jo{\~{a}}o M. and Ceia, Filipe R. and Franco, Jo{\~{a}}o and Marques, Jo{\~{a}}o Carlos},
doi = {10.1016/j.ecolind.2010.03.019},
issn = {1470160X},
journal = {Ecological Indicators},
keywords = {Ecological quality assessment,Estuary,Macrofauna,Mesh size,Portugal},
number = {6},
pages = {1162--1173},
title = {{The influence of mesh size in environmental quality assessment of estuarine macrobenthic communities}},
volume = {10},
year = {2010}
}
@article{Covich2004,
author = {Covich, Alan P. and Austen, Melanie C. and B{\"{a}}rlocher, Felix and Chauvet, Eric and Cardinale, Bradley J. and Biles, Catherine L. and Inchausti, Pablo and Dangles, Olivier and Solan, Martin and Gessner, Mark O. and Statzner, Bernhard and Moss, Brian},
doi = {10.1641/0006-3568(2004)054[0767:TROBIT]2.0.CO;2},
issn = {00063568},
journal = {BioScience},
keywords = {Connectivity,Coupled ecosystems,Important,Redundancy,Species loss,Vulnerability},
number = {8},
pages = {767--775},
title = {{The role of biodiversity in the functioning of freshwater and marine benthic ecosystems}},
volume = {54},
year = {2004}
}
@article{Craig2012,
author = {Craig, R K},
issn = {0147-8257},
journal = {Harvard Environmental Law Review},
language = {English},
number = {2},
title = {{Ocean governance for the 21st century: making marine zoning climate change adaptable}},
volume = {36},
year = {2012}
}
@article{Crain2008,
author = {Crain, Caitlin Mullan and Kroeker, Kristy and Halpern, Benjamin S.},
doi = {10.1111/j.1461-0248.2008.01253.x},
issn = {1461023X},
journal = {Ecology Letters},
keywords = {Antagonisms,cumulative stressors,cumulative threat models,ecosystem-based man- agement,interactions,synergisms,threat-analysis},
pages = {1304--1315},
pmid = {19046359},
title = {{Interactive and cumulative effects of multiple human stressors in marine systems}},
volume = {11},
year = {2008}
}
@article{Crepin2017,
author = {Cr{\'{e}}pin, Anne Sophie and Gren, {\AA}sa and Engstr{\"{o}}m, Gustav and Ospina, Daniel},
doi = {10.1007/s13280-017-0960-4},
isbn = {1328001709},
issn = {16547209},
journal = {Ambio},
keywords = {Arctic Ocean,Integrated ecosystem-based management,Marine food web,Regime shifts,Social‚Äìecological system},
pages = {475--485},
title = {{Operationalising a social‚Äìecological system perspective on the Arctic Ocean}},
volume = {46},
year = {2017}
}
@book{Crowe2015,
address = {Cambridge},
author = {Crowe, Tasman P. and Frid, Christopher L. J.},
doi = {10.1017/CBO9781139794763},
isbn = {9781139794763},
pages = {406},
publisher = {Cambridge University Press},
title = {{Marine Ecosystems}},
url = {http://ebooks.cambridge.org/ref/id/CBO9781139794763},
year = {2015}
}
@article{Curtin2010,
author = {Curtin, Richard and Prellezo, Ra{\'{u}}l},
doi = {10.1016/j.marpol.2010.01.003},
issn = {0308-597X},
journal = {Marine Policy},
number = {5},
pages = {821--830},
publisher = {sciencedirect},
title = {{Understanding marine ecosystem based management: A literature review}},
volume = {34},
year = {2010}
}
@article{Dafforn2012,
author = {Dafforn, Katherine A. and Simpson, Stuart L. and Kelaher, Brendan P. and Clark, Graeme F. and Komyakova, Valeriya and Wong, Chris K.C. and Johnston, Emma L.},
doi = {10.1016/j.envpol.2011.12.029},
issn = {02697491},
journal = {Environmental Pollution},
keywords = {Biomonitor,Contaminant,Estuary,Metals,Sediment},
pages = {207--217},
title = {{The challenge of choosing environmental indicators of anthropogenic impacts in estuaries}},
volume = {163},
year = {2012}
}
@article{Daigle2017,
author = {Daigle, R{\'{e}}mi M. and Archambault, Philippe and Halpern, Benjamin S. and Lowndes, Julia S.Stewart and C{\^{o}}t{\'{e}}, Isabelle M.},
doi = {10.1371/journal.pone.0178044},
issn = {19326203},
journal = {PLoS ONE},
number = {5},
title = {{Incorporating public priorities in the Ocean Health Index: Canada as a case study}},
volume = {12},
year = {2017}
}
@book{Dale2014,
address = {Cambridge},
author = {Dale, Martin R.T. and Fortin, Marie-Josee},
doi = {10.1017/CBO9780511978913},
edition = {2},
isbn = {9780511978913},
pages = {454},
publisher = {Cambridge University Press},
title = {{Spatial Analysis: A guide for ecologists}},
url = {http://ebooks.cambridge.org/ref/id/CBO9780511978913},
year = {2014}
}
@article{Darling2008,
author = {Darling, Emily S. and C{\^{o}}t{\'{e}}, Isabelle M.},
doi = {10.1111/j.1461-0248.2008.01243.x},
issn = {1461023X},
journal = {Ecology Letters},
keywords = {Meta-analysis,Mortality,Multiple stressors,Non-additive effects,Synergy},
number = {12},
pages = {1278--1286},
title = {{Quantifying the evidence for ecological synergies}},
volume = {11},
year = {2008}
}
@article{Dauer1993,
author = {Dauer, Daniel M.},
doi = {10.1016/0025-326X(93)90063-P},
issn = {0025326X},
journal = {Marine Pollution Bulletin},
number = {5},
pages = {249--257},
title = {{Biological criteria, environmental health and estuarine macrobenthic community structure}},
volume = {26},
year = {1993}
}
@article{Dauvin2007a,
author = {Dauvin, J.C. and Ruellet, T.},
doi = {10.1016/j.marpolbul.2006.08.045},
issn = {0025326X},
journal = {Marine Pollution Bulletin},
keywords = {AMBI,Amphipods,BENTIX,BOPA index,Benthic indicators,English Channel,Opportunistic polychaetes},
month = {jan},
number = {1-6},
pages = {215--224},
pmid = {17070857},
title = {{Polychaete/amphipod ratio revisited}},
volume = {55},
year = {2007}
}
@article{Dauvin2010,
author = {Dauvin, Jean Claude and Bellan, G{\'{e}}rard and Bellan-Santini, Denise},
doi = {10.1016/j.marpolbul.2010.03.028},
issn = {0025326X},
journal = {Marine Pollution Bulletin},
keywords = {Benthic indicators,Expert judgement,Objectivity,Soft-bottom community,Subjectivity},
number = {7},
pages = {947--953},
title = {{Benthic indicators: From subjectivity to objectivity - Where is the line?}},
volume = {60},
year = {2010}
}
@article{Dauvin2007b,
author = {Dauvin, Jean Claude and Ruellet, T. and Desroy, Nicolas and Janson, Anne-Laure},
doi = {10.1016/j.marpolbul.2006.04.010},
journal = {Marine Pollution Bulletin},
keywords = {Bay of Seine,Benthic index,Biotic index,English channel,Macrobenthos,Seine estuary},
number = {1-6},
pages = {241--257},
title = {{The ecological quality status of the Bay of Seine and the Seine estuary: Use of biotic indices}},
volume = {55},
year = {2007}
}
@article{Davidson2017,
author = {Davidson, Lindsay N.K. and Dulvy, Nicholas K.},
doi = {10.1038/s41559-016-0040},
issn = {2397334X},
journal = {Nature Ecology and Evolution},
number = {2},
title = {{Global marine protected areas to prevent extinctions}},
volume = {1},
year = {2017}
}
@article{Davies1974,
author = {Davies, Brian E.},
doi = {10.2136/sssaj1974.03615995003800010046x},
journal = {Soil Science Society of America Journal},
number = {1},
pages = {150},
title = {{Loss-on-Ignition as an Estimate of Soil Organic Matter}},
volume = {38},
year = {1974}
}
@article{Davies2017,
author = {Davies, T. E. and Maxwell, S. M. and Kaschner, K. and Garilao, C. and Ban, N. C.},
doi = {10.1038/s41598-017-08758-5},
issn = {20452322},
journal = {Scientific Reports},
number = {1},
title = {{Large marine protected areas represent biodiversity now and under climate change}},
volume = {7},
year = {2017}
}
@article{DeGroot2002,
author = {de Groot, Rudolf S. and Wilson, Matthew A. and Boumans, Roelof M.J.},
doi = {10.1016/S0921-8009(02)00089-7},
issn = {09218009},
journal = {Ecological Economics},
keywords = {Classification of ecosystem functions,Ecological and socio-economic valuation,Typology of goods and services},
number = {3},
pages = {393--408},
title = {{A typology for the classification, description and valuation of ecosystem functions, goods and services}},
volume = {41},
year = {2002}
}
@article{DeGrunt2018,
author = {de Grunt, L S and Ng, K and Calado, H},
doi = {10.1016/j.marpol.2018.06.016},
issn = {0308-597X},
journal = {Marine Policy},
pages = {102--110},
title = {{Towards sustainable implementation of maritime spatial planning in Europe: A peek into the potential of the Regional Sea Conventions playing a stronger role}},
volume = {95},
year = {2018}
}
@article{DelaMare2005,
author = {de la Mare, William K},
doi = {10.1016/j.marpol.2004.02.002},
issn = {0308-597X},
journal = {Marine Policy},
number = {1},
pages = {57--68},
publisher = {sciencedirect},
title = {{Marine ecosystem-based management as a hierarchical control system}},
volume = {29},
year = {2005}
}
@article{DelaVega2018,
author = {de la Vega, C and Schuckel, U and Horn, S and Kroncke, I and Asmus, R and Asmus, H},
doi = {10.1016/j.ocecoaman.2018.07.019},
issn = {0964-5691},
journal = {Ocean {\&} Coastal Management},
language = {English},
number = {Integrated Environ. Assess. Manag. 2 2006},
title = {{How to include ecological network analysis results in management? A case study of three tidal basins of the Wadden Sea, south-eastern North Sea}},
volume = {163},
year = {2018}
}
@article{DelaVega2018a,
author = {de la Vega, Camille and Horn, Sabine and Baird, Dan and Hines, David and Borrett, Stuart and Jensen, Lasse Fast and Schwemmer, Philipp and Asmus, Ragnhild and Siebert, Ursula and Asmus, Harald},
doi = {10.1016/j.ecss.2018.01.021},
issn = {0272-7714},
journal = {Estuarine, Coastal and Shelf Science},
keywords = {Ecological network analysis,Ecosystem functioning,Food web model,Seasonal variation,Uncertainty analysis},
language = {English},
pages = {100--118},
title = {{Seasonal dynamics and functioning of the Sylt-Romo Bight, northern Wadden Sea}},
volume = {203},
year = {2018}
}
@article{Dee2017a,
author = {Dee, Laura E. and Allesina, Stefano and Bonn, Aletta and Ekl{\"{o}}f, Anna and Gaines, Steven D. and Hines, Jes and Jacob, Ute and McDonald-Madden, Eve and Possingham, Hugh and Schr{\"{o}}ter, Matthias and Thompson, Ross M.},
doi = {10.1016/j.tree.2016.10.011},
issn = {01695347},
journal = {Trends in Ecology and Evolution},
keywords = {Intergovernmental Science-Policy Platform on Biodi,ecosystem services,natural resource management,network theory},
number = {2},
pages = {118--130},
title = {{Operationalizing Network Theory for Ecosystem Service Assessments}},
volume = {32},
year = {2017}
}
@article{Dee2017,
author = {Dee, Laura E. and {De Lara}, Michel and Costello, Christopher and Gaines, Steven D.},
doi = {10.1111/ele.12790},
issn = {14610248},
journal = {Ecology Letters},
keywords = {Biodiversity conservation,biodiversity-ecosystem services,conservation decisions,ecosystem services,stochastic optimal control,uncertainty},
number = {8},
pages = {935--946},
title = {{To what extent can ecosystem services motivate protecting biodiversity?}},
volume = {20},
year = {2017}
}
@article{Degen2019,
author = {Degen, Renate and Faulwetter, Sarah},
doi = {10.5194/essd-11-301-2019},
issn = {18663516},
journal = {Earth System Science Data},
number = {1},
pages = {301--322},
title = {{The Arctic Traits Database - A repository of Arctic benthic invertebrate traits}},
volume = {11},
year = {2019}
}
@incollection{Demers2018,
address = {Sept-{\^{I}}les, QC},
author = {Demers, Kim Aubut and {Le H{\'{e}}naff}, Aur{\'{e}}lie and Carri{\`{e}}re, Julie},
booktitle = {Observatoire environnemental de la Baie de Sept-{\^{I}}les},
chapter = {9},
editor = {Carri{\`{e}}re, Julie},
pages = {593--612},
publisher = {INREST},
title = {{{\'{E}}tat des glaces}},
year = {2018}
}
@article{Depestele2014,
author = {Depestele, Jochen and Courtens, Wouter and Degraer, Steven and Haelters, Jan and Hostens, Kris and Leopold, Mardik and Pinn, Eunice and Merckx, Bea and Polet, Hans and Rabaut, Marijn and Reiss, Henning and Stienen, Eric and Vandendriessche, Sofie and Volckaert, Filip and Vincx, Magda},
doi = {10.1016/j.ocecoaman.2014.09.024},
issn = {0964-5691},
journal = {Ocean {\&} Coastal Management},
language = {English},
title = {{Sensitivity assessment as a tool for spatial and temporal gear-based fisheries management}},
volume = {102},
year = {2014}
}
@article{Desrosiers2018,
author = {Desrosiers, M{\'{e}}lanie and Usseglio-polatera, Philippe and Archaimbault, Virginie and Larras, Floriane and M{\'{e}}thot, Ginette and Bernadette, Pinel-Alloul},
doi = {10.1016/j.scitotenv.2018.08.267},
issn = {0048-9697},
journal = {Science of the Total Environment},
pages = {233--246},
pmid = {30173032},
title = {{Assessing anthropogenic pressure in the St. Lawrence River using traits of benthic macroinvertebrates}},
volume = {649},
year = {2018}
}
@misc{DEVOTES2012,
author = {DEVOTES},
title = {{DEVelopment Of innovative Tools for understanding marine biodiversity and assessing good Environmental Status (DEVOTES)}},
url = {http://www.devotes-project.eu},
urldate = {2020-12-18},
year = {2012}
}
@article{DFO2019,
author = {DFO},
journal = {Canadian Science Advisory Secretariat},
month = {may},
publisher = {Canadian Science Advisory Secretariat},
title = {{Update of stock status indicators for Northern Shrimp in the Estuary and Gulf of St. Lawrence}},
year = {2019}
}
@techreport{DFO2013,
author = {DFO},
pages = {30},
title = {{Gulf of St. Lawrence Integrated Management Plan}},
year = {2013}
}
@techreport{DFO2007,
author = {DFO},
institution = {Canadian Science Advisory Secretariat Science Advisory Report},
pages = {12},
title = {{Assessment of Cod in the Southern Gulf of St. Lawrence}},
year = {2007}
}
@techreport{DFO2009,
address = {Ottawa},
author = {DFO},
institution = {Canadian Science Advisory Secretariat},
isbn = {19195079},
keywords = {Biogeographic classification,ecosystem},
pages = {17},
title = {{Development of a framework and principles for the biogeographic classification of Canadian marine areas}},
year = {2009}
}
@article{Dijkstra1959,
author = {Dijkstra, E. W.},
doi = {10.1007/BF01386390},
issn = {0029-599X},
journal = {Numerische Mathematik},
month = {dec},
number = {1},
pages = {269--271},
title = {{A note on two problems in connexion with graphs}},
volume = {1},
year = {1959}
}
@article{Diz2018,
author = {Diz, Daniela and Johnson, David and Riddell, Michael and Rees, Sian and Battle, Jessica and Gjerde, Kristina and Hennige, Sebastian and Roberts, Murray J},
doi = {10.1016/j.marpol.2017.08.019},
issn = {0308-597X},
journal = {Marine Policy},
number = {Deep-Sea Res. 1 115 2016},
title = {{Mainstreaming marine biodiversity into the SDGs: The role of other effective area-based conservation measures (SDG 14.5)}},
volume = {93},
year = {2018}
}
@article{Dominguez-Tejo2018,
author = {Dom{\'{i}}nguez-Tejo, Elianny and Metternicht, Graciela and Johnston, Emma L and Hedge, Luke},
doi = {10.1016/j.jenvman.2018.03.006},
issn = {0301-4797},
journal = {Journal of environmental management},
pages = {379--407},
title = {{Exploring the social dimension of sandy beaches through predictive modelling}},
volume = {214},
year = {2018}
}
@article{Dreujou2020a,
author = {Dreujou, Elliot and Carrier-belleau, Charlotte and Goldsmit, Jesica and Fiorentino, Dario and Ben-hamadou, Radhouane and Muelbert, Jose H and Godbold, Jasmin A and Daigle, R{\'{e}}mi M and Beauchesne, David},
doi = {10.7717/peerj.8171},
journal = {PeerJ},
keywords = {Aichi Biodiversity Targets,Holistic approaches,Marine conservation,Research priorities,Strategic plan for biodiversity},
title = {{Holistic Environmental Approaches and Aichi Biodiversity Targets : accomplishments and perspectives for marine ecosystems}},
year = {2020}
}
@article{Dreujou_InPrep,
author = {Dreujou, Elliot and Desroy, Nicolas and Carri{\`{e}}re, Julie and {Tr{\'{e}}au de Coeli}, Lisa and McKindsey, Christopher William and Archambault, Philippe},
journal = {Frontiers in Marine Science},
keywords = {InPrep},
title = {{Determining the ecological status of benthic coastal communities: a case study in a Canadian industrial harbour area}}
}
@article{Dreujou2020b,
author = {Dreujou, Elliot and McKindsey, Christopher W and Grant, Cindy and {Tr{\'{e}}au de Coeli}, Lisa and St-Louis, Richard and Archambault, Philippe},
doi = {10.3390/w12092424},
issn = {2073-4441},
journal = {Water},
month = {aug},
number = {9},
pages = {2424},
title = {{Biodiversity and Habitat Assessment of Coastal Benthic Communities in a Sub-Arctic Industrial Harbor Area}},
volume = {12},
year = {2020}
}
@incollection{Dreujou2018,
address = {Sept-{\^{I}}les, QC},
author = {Dreujou, Elliot and Paquette, Laurence and Grant, Cindy and Archambault, Philippe and Carri{\`{e}}re, Julie},
booktitle = {Observatoire environnemental de la Baie de Sept-{\^{I}}les},
chapter = {5},
editor = {Carri{\`{e}}re, Julie},
isbn = {9782981763600},
pages = {377--452},
publisher = {INREST},
title = {{Caract{\'{e}}risation de la faune benthique}},
volume = {1},
year = {2018}
}
@article{Drouin2011,
author = {Drouin, A and Archambault, P and Sirois, P},
issn = {1239-6095},
journal = {Boreal Environmental Research},
pages = {101--114},
title = {{Distinction of nektonic and benthic communities between fish-present (Salvelinus fontinalis) and natural fishless lakes}},
volume = {16},
year = {2011}
}
@article{Dufrene1997,
author = {Dufr{\^{e}}ne, Marc and Legendre, Pierre},
doi = {10.1890/0012-9615(1997)067[0345:SAAIST]2.0.CO;2},
issn = {00129615},
journal = {Ecological Monographs},
keywords = {Belgium,Carabid beetles,Core eurytopic species,Ecological breadth,Indicator species,Multivariate analysis,Patch size,Satellite stenotopic species,Species assemblages,TWINSPAN},
number = {3},
pages = {345--366},
title = {{Species assemblages and indicator species: The need for a flexible asymmetrical approach}},
volume = {67},
year = {1997}
}
@article{Dutil2012,
author = {Dutil, J-D and Proulx, S and Galbraith, P S and Chasse, J and Lambert, N and Laurian, C},
journal = {Canadian Technical Report of Fisheries and Aquatic Sciences},
pages = {1--87},
title = {{Coastal and epipelagic habitats of the estuary and Gulf of St. Lawrence}},
volume = {3009},
year = {2012}
}
@article{Edie2018,
author = {Edie, Stewart M. and Jablonski, David and Valentine, James W.},
doi = {10.1073/pnas.1717636115},
issn = {10916490},
journal = {Proceedings of the National Academy of Sciences of the United States of America},
keywords = {Functional diversity,Latitudinal diversity gradient,Mass extinction,Taxonomic diversity},
number = {4},
pages = {732--737},
title = {{Contrasting responses of functional diversity to major losses in taxonomic diversity}},
volume = {115},
year = {2018}
}
@article{Ehler,
address = {Paris},
author = {Ehler, C},
journal = {UNESCO},
publisher = {UNESCO},
title = {{A guide to evaluating marine spatial plans}},
url = {marxiv.org}
}
@book{Eleftheriou2005,
author = {Eleftheriou, Anastasia and McIntyre, Alasdair},
edition = {3},
editor = {Eleftheriou, Anastasia and McIntyre, Alasdair},
isbn = {0632054883},
pages = {418},
publisher = {Blackwell Science},
title = {{Methods for the study of Marine Benthos}},
year = {2005}
}
@article{Elliott2018,
author = {Elliott, Sophie A M and Gu{\'{e}}rin, Laurent and Pesch, Roland and Schmitt, Petra and Meakins, Bryony and Vina-Herbon, Cristina and Gonz{\'{a}}lez-Irusta, Jose M and de la Torriente, Ana and Serrano, Alberto},
doi = {10.1016/j.marpol.2018.01.003},
issn = {0308-597X},
journal = {Marine Policy},
pages = {88--94},
publisher = {sciencedirect},
title = {{Integrating benthic habitat indicators: Working towards an ecosystem approach}},
volume = {90},
year = {2018}
}
@article{Ellis2017,
author = {Ellis, J. I. and Clark, D. and Atalah, J. and Jiang, W. and Taiapa, C. and Patterson, M. and Sinner, J. and Hewitt, J.},
doi = {10.1038/s41598-017-12323-5},
issn = {20452322},
journal = {Scientific Reports},
number = {1},
title = {{Multiple stressor effects on marine infauna: Responses of estuarine taxa and functional traits to sedimentation, nutrient and metal loading}},
volume = {7},
year = {2017}
}
@book{Elton1927,
address = {New York},
author = {Elton, C},
isbn = {0226206394},
pages = {207},
publisher = {Macmillan Co},
title = {{Animal Ecology}},
year = {1927}
}
@techreport{ECCC2020,
address = {Gatineau, QC},
author = {{Environment and Climate Change Canada}},
institution = {Environment and Climate Change Canada},
isbn = {9780660258911},
pages = {30},
title = {{Canadian environmental sustainability indicators: Canada' s conserved areas}},
url = {www.canada.ca/en/environment-climate-change/services/environmental-indicators/conserved-areas.html},
year = {2020}
}
@article{EC2007,
author = {{Environment Canada and Minist{\`{e}}re du D{\'{e}}veloppement Durable de l'environnement et des Parcs du Qu{\'{e}}bec}},
journal = {Criteria for the Assessment of Sediment Quality in Quebec and Application Frameworks: Prevention, Dredging and Remediation},
title = {{Criteria for the Assessment of Sediment Quality in Quebec and Application Frameworks: Prevention, Dredging and Remediation}},
year = {2007}
}
@misc{EoL2020,
author = {EoL},
title = {{Encyclopedia of Life (EoL)}},
url = {https://eol.org},
urldate = {2020-12-18},
year = {2020}
}
@article{Eriksen2018,
author = {Eriksen, E. and Gj{\o}s{\ae}ter, H. and Prozorkevich, D. and Shamray, E. and Dolgov, A. and Skern-Mauritzen, M. and Stiansen, J. E. and Kovalev, Yu and Sunnan{\aa}, K.},
doi = {10.1016/j.pocean.2017.09.007},
issn = {00796611},
journal = {Progress in Oceanography},
keywords = {Barents Sea,Data flow,Ecosystem survey,Integrated ecosystem assessment,Single species survey,Survey design},
number = {Annales biologiques, Conseil international pour l'exploration de la mer 37 1980},
pages = {4--14},
title = {{From single species surveys towards monitoring of the Barents Sea ecosystem}},
volume = {166},
year = {2018}
}
@techreport{EC2008,
author = {{European Commission}},
title = {{Directive 2008/56/EC of the European Parliament and the Council of 17 June 2008 Establishing a Framework for Community Action in the Field of Marine Environmental Policy (Marine Strategy Framework Directive)}},
url = {http://ec.europa.eu/environment/water/marine/index{\_}en.htm},
year = {2008}
}
@article{Farrell2017,
author = {Farrell, Desiree and Carr, Liam and Fahy, Frances},
doi = {10.1016/j.ocecoaman.2017.06.017},
issn = {0964-5691},
journal = {Ocean {\&} Coastal Management},
pages = {135--143},
publisher = {sciencedirect},
title = {{On the subject of typology: How Irish coastal communities' subjectivities reveal intrinsic values towards coastal environments}},
volume = {146},
year = {2017}
}
@article{Ferrario_InPrep,
author = {Ferrario, Filippo and Archambault, Philippe},
journal = {Canadian Technical Report of Fisheries and Aquatic Sciences},
keywords = {InPrep},
title = {{Scan of environmental management and monitoring in ports around the globe}}
}
@article{Ferraro2004,
author = {Ferraro, Steven P. and Cole, Faith A.},
doi = {10.1007/BF02803427},
issn = {01608347},
journal = {Estuaries},
number = {6},
pages = {1014--1025},
title = {{Optimal benthic macrofaunal sampling protocol for detecting differences among four habitats in Willapa Bay, Washington, USA}},
volume = {27},
year = {2004}
}
@article{Fisher2009,
author = {Fisher, Brendan and Turner, R. Kerry and Morling, Paul},
doi = {10.1016/j.ecolecon.2008.09.014},
issn = {09218009},
journal = {Ecological Economics},
keywords = {Ecosystem benefits,Ecosystem services,Environmental decision making,Human welfare,Millennium Assessment},
number = {3},
pages = {643--653},
title = {{Defining and classifying ecosystem services for decision making}},
volume = {68},
year = {2009}
}
@article{Fletcher2006,
author = {Fletcher, W J},
issn = {0007-4977},
journal = {Bulletin of Marine Science},
language = {English},
number = {3},
title = {{Frameworks for managing marine resources in Australia through ecosystem approaches: Do they fit together and are they useful?}},
volume = {78},
year = {2006}
}
@article{Fletcher2010,
author = {Fletcher, W J and Shaw, J and Metcalf, S J and Gaughan, D J},
doi = {10.1016/j.marpol.2010.04.007},
issn = {0308-597X},
journal = {Marine Policy},
number = {6},
pages = {1226--1238},
title = {{An Ecosystem Based Fisheries Management framework: the efficient, regional-level planning tool for management agencies}},
volume = {34},
year = {2010}
}
@article{Fogarty2013,
author = {Fogarty, Michael and Botsford, Louis and Werner, Francisco},
doi = {10.5670/oceanog.2013.79},
issn = {1042-8275},
journal = {Oceanography},
number = {4},
pages = {116--127},
title = {{Legacy of the US GLOBEC Program: Current and Potential Contributions to Marine Ecosystem-Based Management}},
volume = {26},
year = {2013}
}
@book{Folk1980,
address = {Austin, Texas},
author = {Folk, Robert L},
booktitle = {Petrology of Sedimentary Rocks},
doi = {10.1017/cbo9780511626487},
edition = {2},
issn = {9780914696148},
publisher = {Hemphill Publishing Company},
title = {{Petrology of Sedimentary Rocks}},
url = {http://scholar.google.com/scholar?q=Petrology of sedimentary rocks{\&}btnG={\&}hl=en{\&}num=20{\&}as{\_}sdt=0{\%}2C22},
year = {1980}
}
@article{Folke2004,
author = {Folke, Carl and Carpenter, Steve and Walker, Brian and Scheffer, Marten and Elmqvist, Thomas and Gunderson, Lance and Holling, C S},
doi = {10.1146/annurev.ecolsys.35.021103.105711},
issn = {1543-592X},
journal = {Annual Review of Ecology, Evolution, and Systematics},
number = {1},
title = {{Regime shifts, resilience, and biodiversity in ecosystem management}},
volume = {35},
year = {2004}
}
@article{Fowler2013,
author = {Fowler, Charles W and Belgrano, Andrea and Casini, Michele},
doi = {10.7755/mfr.75.1_2.1},
issn = {0090-1830},
journal = {Marine Fisheries Review},
number = {1-2},
pages = {1--36},
title = {{Holistic Fisheries Management: Combining Macroecology, Ecology, and Evolutionary Biology}},
volume = {75},
year = {2013}
}
@article{Francis2007,
author = {Francis, Robert C and Hixon, Mark A and Clarke, M Elizabeth and Murawski, Steven A and Ralston, Stephen},
doi = {10.1577/1548-8446(2007)32[217:tcfbfs]2.0.co;2},
issn = {0363-2415},
journal = {Fisheries},
number = {5},
pages = {217--233},
publisher = {wiley},
title = {{Ten Commandments for Ecosystem-Based Fisheries Scientists}},
volume = {32},
year = {2007}
}
@article{Gage2002,
author = {Gage, John D. and Hughes, David J. and {Gonzalez Vecino}, Jos{\'{e}} L.},
doi = {10.3354/meps225097},
issn = {01718630},
journal = {Marine Ecology Progress Series},
keywords = {Abundance,Benthos,Bio-assessment,Biomass,Disturbance,Diversity,Evenness,Macrobenthos,Sieve size,Size distribution,Species richness},
pages = {97--107},
title = {{Sieve size influence in estimating biomass, abundance and diversity in samples of deep-sea macrobenthos}},
volume = {225},
year = {2002}
}
@techreport{Galbraith2019,
address = {Ottawa},
author = {Galbraith, P. S and Chass{\'{e}}, J and Caverhill, C and Nicot, P and Gilbert, D and Lefaivre, D and Lafleur, C},
booktitle = {Canadian Science Advisory Secretariat},
institution = {P{\^{e}}ches et Oc{\'{e}}ans Canada},
pages = {iv + 88 p},
title = {{Conditions oc{\'{e}}anographiques physiques dans le golfe du Saint-Laurent en 2019}},
year = {2020}
}
@article{Galic2018,
author = {Galic, Nika and Sullivan, Lauren L. and Grimm, Volker and Forbes, Valery E.},
doi = {10.1111/ele.12923},
issn = {14610248},
journal = {Ecology Letters},
keywords = {Antagonism,detritivores,ecosystem services,energy budgets,individual-based model,population dynamics,stressor interactions,synergism},
number = {4},
pages = {568--577},
title = {{When things don't add up: quantifying impacts of multiple stressors from individual metabolism to ecosystem processing}},
volume = {21},
year = {2018}
}
@article{Gari2014,
author = {Gari, Sirak R and Newton, Alice and Icely, John and Lowe, Christopher D},
doi = {10.1016/j.marpol.2013.03.017},
issn = {0308-597X},
journal = {Marine Policy},
title = {{Testing the application of the Systems Approach Framework (SAF) for the management of eutrophication in the Ria Formosa}},
volume = {43},
year = {2014}
}
@article{Gaston2000,
author = {Gaston, Kevin J.},
doi = {10.1038/35012228},
issn = {00280836},
journal = {Nature},
number = {6783},
pages = {220--227},
title = {{Global patterns in biodiversity}},
volume = {405},
year = {2000}
}
@book{Gaston2004,
author = {Gaston, Kevin J. and Spicer, John I},
edition = {2},
isbn = {1405118571},
pages = {207},
publisher = {Blackwell Science},
title = {{Biodiversity: An Introduction}},
year = {2004}
}
@misc{GBIF2019,
author = {GBIF},
title = {{Global Biodiversity Information Facility (GBIF)}},
url = {http://www.gbif.org/},
urldate = {2020-12-18},
year = {2019}
}
@article{Giller2004,
author = {Giller, Paul S. and Hillebrand, Helmut and Berninger, Ulrike G. and Gessner, Mark O. and Hawkins, Stephen and Inchausti, Pablo and Inglis, Cheryl and Leslie, Heather and Malmqvist, Bj{\"{o}}rn and Monaghan, Michael T. and Morin, Peter J. and O'Mullan, Gregory},
doi = {10.1111/j.0030-1299.2004.13253.x},
issn = {00301299},
journal = {Oikos},
number = {3},
pages = {423--436},
title = {{Biodiversity effects on ecosystem functioning: Emerging issues and their experimental test in aquatic environments}},
volume = {104},
year = {2004}
}
@article{Gillespie2002,
author = {Gillespie, A},
issn = {13852140 (ISSN)},
journal = {Asia Pacific Journal of Environmental Law},
language = {English},
number = {3-4},
title = {{Protecting cetaceans in the South Pacific: The dynamics of a regional agreement}},
volume = {7},
year = {2002}
}
@article{Gillett2015,
author = {Gillett, David J. and Weisberg, Stephan B. and Grayson, Treda and Hamilton, Anna and Hansen, Virginia and Leppo, Erik W. and Pelletier, Marguerite C. and Borja, Angel and Cadien, Donald and Dauer, Daniel and Diaz, Robert and Dutch, Margaret and Hyland, Jeffrey L. and Kellogg, Michael and Larsen, Peter F. and Levinton, Jeffrey S. and Llans{\'{o}}, Roberto and Lovell, Lawrence L. and Montagna, Paul A. and Pasko, Dean and Phillips, Charles A. and Rakocinski, Chet and Ranasinghe, J. Ananda and Sanger, Denise M. and Teixeira, Heliana and {Van Dolah}, Robert F. and Velarde, Ronald G. and Welch, Kathy I.},
doi = {10.1016/j.ecolind.2014.11.005},
issn = {1470160X},
journal = {Ecological Indicators},
keywords = {Assessment index,Best professional judgement,Biogeographic variation,Macrobenthos,Tolerance values},
pages = {99--107},
title = {{Effect of ecological group classification schemes on performance of the AMBI benthic index in US coastal waters}},
volume = {50},
year = {2015}
}
@article{Glasby1996,
author = {Glasby, T. M. and Underwood, A. J.},
doi = {10.1007/BF00414371},
issn = {01676369},
journal = {Environmental Monitoring and Assessment},
number = {3},
pages = {241--252},
title = {{Sampling to differentiate between pulse and press perturbations}},
volume = {42},
year = {1996}
}
@article{Golumbeanu2014,
author = {Golumbeanu, M and Zaharia, T and Radu, G and Maximov, V and Nenciu, M},
issn = {1311-5065},
journal = {Journal of Environmental Protection and Ecology},
language = {English},
number = {2},
title = {{Contributions of the MAREFRAME project to ecosystem-based fisheries management solutions for European fish stockes}},
volume = {15},
year = {2014}
}
@misc{GOOS2019,
author = {GOOS},
keywords = {GOOS},
title = {{Global Ocean Observation Systems (GOOS)}},
url = {https//www.goosocean.org},
urldate = {2020-12-18},
year = {2019}
}
@article{Gotelli2001,
author = {Gotelli, Nicholas J. and Colwell, Robert K.},
doi = {10.1046/j.1461-0248.2001.00230.x},
issn = {1461023X},
journal = {Ecology Letters},
keywords = {Accumulation curves,Asymptotic richness,Biodiversity,Category-subcategory ratios,Rarefaction,Richness estimation,Species density,Species richness,Taxon sampling,Taxonomic ratios,ToCite},
number = {4},
pages = {379--391},
title = {{Quantifying biodiversity: procedures and pitfalls in the measurement and comparison of species richness}},
volume = {4},
year = {2001}
}
@techreport{GQ2017,
author = {{Gouvernement du Qu{\'{e}}bec}},
pages = {34},
title = {{Navigation on the St. Lawrence: Echo of the Past, Path to the Future}},
url = {http://planstlaurent.qc.ca/fileadmin/site{\_}documents/documents/Usages/Navigation{\_}St-LaurentANG.pdf},
year = {2017}
}
@techreport{GQ2015,
author = {{Gouvernement du Qu{\'{e}}bec}},
institution = {Secr{\'{e}}tariat aux affaires maritimes},
title = {{The maritime strategy by the year 2030: 2015-2020 Action Plan}},
url = {https://strategiemaritime.gouv.qc.ca/app/uploads/2015/07/maritime{\_}strategy{\_}unabridged.pdf},
year = {2015}
}
@misc{GC2020,
author = {{Government of Canada}},
title = {{Canada joins Global Ocean Alliance: Advocates for protecting 30 per cent of the world's ocean by 2030}},
url = {https://www.canada.ca/en/fisheries-oceans/news/2020/07/canada-joins-global-ocean-alliance-advocates-for-protecting-30-per-cent-of-the-worlds-ocean-by-2030.html},
urldate = {2020-12-18},
year = {2020}
}
@article{Grall1997,
author = {Grall, J. and Glemarec, M.},
doi = {10.1016/S0272-7714(97)80006-6},
issn = {02727714},
journal = {Estuarine,Coastal and Shelf Science},
keywords = {benthic macrofauna,biotic indices,marine eutrophication},
pages = {43--53},
title = {{Using biotic indices to estimate macrobenthic community perturbations in the Bay of Brest}},
volume = {44},
year = {1997}
}
@article{Gray1997,
author = {Gray, J S},
doi = {10.1023/A:1018335901847},
journal = {Biodiversity {\&} Conservation},
title = {{Marine biodiversity: patterns, threats and conservation needs}},
volume = {6},
year = {1997}
}
@book{Gray2009,
address = {Oxford},
author = {Gray, J S and Elliott, M},
issn = {9780198569022},
publisher = {Oxford University Press},
title = {{Ecology of Marine Sediments: From Science to Management}},
url = {http://scholar.google.com/scholar?q=Ecology of Marine Sediments: From Science to Management{\&}btnG={\&}hl=en{\&}num=20{\&}as{\_}sdt=0{\%}2C22},
year = {2009}
}
@article{Gray1979,
author = {Gray, J. S.},
doi = {10.1098/rstb.1979.0045},
issn = {09628436},
journal = {Philosophical transactions of the Royal Society of London. Series B, Biological sciences},
number = {1015},
pages = {545--561},
pmid = {40277},
title = {{Pollution-induced changes in populations}},
volume = {286},
year = {1979}
}
@article{Grehan2009,
author = {Grehan, Anthony and van den Hove, Sybille and Armstrong, Claire and Long, Ronan and van Rensburg, Thomas and Gunn, Vikki and Mikkelsen, Eirik and Mol, Ben De and Hain, Stefan},
doi = {10.5670/oceanog.2009.15},
issn = {1042-8275},
journal = {Oceanography},
number = {1},
pages = {154--165},
title = {{HERMES: Promoting an Ecosystem Approach to the Sustainable Use and Governance of Deep-Water Resources}},
volume = {22},
year = {2009}
}
@article{Grinnell1917,
author = {Grinnell, Joseph},
doi = {10.2307/4072271},
issn = {00048038},
journal = {The Auk},
month = {oct},
number = {4},
pages = {427--433},
title = {{The Niche-Relationships of the California Thrasher}},
volume = {34},
year = {1917}
}
@article{Gunn2011,
author = {Gunn, Jill and Noble, Bram F},
doi = {10.1016/j.eiar.2009.12.003},
issn = {0195-9255},
journal = {Environmental Impact Assessment Review},
number = {2},
title = {{Conceptual and methodological challenges to integrating SEA and cumulative effects assessment}},
volume = {31},
year = {2011}
}
@article{Gunn2009,
author = {Gunn, Jill and Noble, Bram F},
doi = {10.3152/146155109X479440},
issn = {1461-5517},
journal = {Impact Assessment and Project Appraisal},
number = {4},
title = {{A conceptual basis and methodological framework for regional strategic environmental assessment (R-SEA)}},
volume = {27},
year = {2009}
}
@book{Hagen2012,
author = {Hagen, Melanie and Kissling, W. Daniel and Rasmussen, Claus and {De Aguiar}, Marcus A.M. and Brown, Lee E. and Carstensen, Daniel W. and Alves-Dos-Santos, Isabel and Dupont, Yoko L. and Edwards, Francois K. and Genini, Julieta and Guimar{\~{a}}es, Paulo R. and Jenkins, Gareth B. and Jordano, Pedro and Kaiser-Bunbury, Christopher N. and Ledger, Mark E. and Maia, Kate P. and Marquitti, Flavia M.Darcie and Mclaughlin, {\'{O}}rla and Morellato, L. Patricia C. and O'Gorman, Eoin J. and Tr{\o}jelsgaard, Kristian and Tylianakis, Jason M. and Vidal, Mariana Morais and Woodward, Guy and Olesen, Jens M.},
booktitle = {Advances in Ecological Research},
doi = {10.1016/B978-0-12-396992-7.00002-2},
issn = {00652504},
pages = {89--210},
publisher = {Academic Press},
title = {{Biodiversity, Species Interactions and Ecological Networks in a Fragmented World}},
volume = {46},
year = {2012}
}
@article{Hale2013,
author = {Hale, Stephen S and Cot{\'{e}}, Melville P and Tedesco, Mark A and Searfoss, Renee},
doi = {10.1007/s00267-012-9988-1},
issn = {0364-152X},
journal = {Environmental Management},
number = {4},
pages = {862--873},
title = {{Management Relevance of Benthic Biogeography at Multiple Scales in Coastal Waters of the Northeast U.S.}},
volume = {51},
year = {2013}
}
@article{Halpern2019,
author = {Halpern, Benjamin S. and Frazier, Melanie and Afflerbach, Jamie and Lowndes, Julia S. and Micheli, Fiorenza and O'Hara, Casey and Scarborough, Courtney and Selkoe, Kimberly A.},
doi = {10.1038/s41598-019-47201-9},
issn = {2045-2322},
journal = {Scientific Reports},
number = {1},
pages = {1--8},
title = {{Recent pace of change in human impact on the world's ocean}},
volume = {9},
year = {2019}
}
@article{Halpern2015,
author = {Halpern, Benjamin S. and Frazier, Melanie and Potapenko, John and Casey, Kenneth S. and Koenig, Kellee and Longo, Catherine and Lowndes, Julia Stewart and Rockwood, R. Cotton and Selig, Elizabeth R. and Selkoe, Kimberly A. and Walbridge, Shaun},
doi = {10.1038/ncomms8615},
issn = {20411723},
journal = {Nature Communications},
title = {{Spatial and temporal changes in cumulative human impacts on the world's ocean}},
volume = {6},
year = {2015}
}
@article{Halpern2013,
author = {Halpern, Benjamin S. and Fujita, Rod},
doi = {10.1890/ES13-00181.1},
issn = {21508925},
journal = {Ecosphere},
keywords = {Conservation planning,Ecosystem-based management,Marine spatial planning,Risk assessment},
number = {10},
title = {{Assumptions, challenges, and future directions in cumulative impact analysis}},
volume = {4},
year = {2013}
}
@article{Halpern2007,
author = {Halpern, Benjamin S. and Selkoe, Kimberly A. and Micheli, Fiorenza and Kappel, Carrie V.},
doi = {10.1111/j.1523-1739.2007.00752.x},
issn = {08888892},
journal = {Conservation Biology},
keywords = {Ecosystem recovery time,Ecosystem resilience,Ecosystem resistance,Ecosystem vulnerability,Functional group,Global threat analysis,Human impact assessment,Threat frequency},
number = {5},
pages = {1301--1315},
title = {{Evaluating and ranking the vulnerability of global marine ecosystems to anthropogenic threats}},
volume = {21},
year = {2007}
}
@article{Halpern2008,
author = {Halpern, Benjamin S. and Walbridge, Shaun and Selkoe, Kimberly A. and Kappel, Carrie V. and Micheli, Fiorenza and D'Agrosa, Caterina and Bruno, John F. and Casey, Kenneth S. and Ebert, Colin and Fox, Helen E. and Fujita, Rod and Heinemann, Dennis and Lenihan, Hunter S. and Madin, Elizabeth M.P. and Perry, Matthew T. and Selig, Elizabeth R. and Spalding, Mark and Steneck, Robert and Watson, Reg},
doi = {10.1126/science.1149345},
issn = {00368075},
journal = {Science},
keywords = {Important},
number = {5865},
pages = {948--952},
pmid = {18276889},
title = {{A global map of human impact on marine ecosystems}},
volume = {319},
year = {2008}
}
@article{Hampton2013,
author = {Hampton, Stephanie E. and Strasser, Carly A. and Tewksbury, Joshua J. and Gram, Wendy K. and Budden, Amber E. and Batcheller, Archer L. and Duke, Clifford S. and Porter, John H.},
doi = {10.1890/120103},
issn = {15409295},
journal = {Frontiers in Ecology and the Environment},
number = {3},
pages = {156--162},
publisher = {wiley},
title = {{Big data and the future of ecology}},
volume = {11},
year = {2013}
}
@article{Hamukuaya2016,
author = {Hamukuaya, Hashali and Attwood, Claire and Willemse, Nico},
doi = {10.1016/j.envdev.2015.06.013},
issn = {2211-4645},
journal = {Environmental Development},
pages = {310--321},
publisher = {sciencedirect},
title = {{Transition to ecosystem-based governance of the Benguela Current Large Marine Ecosystem}},
volume = {17},
year = {2016}
}
@article{Hamza2009,
author = {Hamza, Waleed and Munawar, Mohiuddin},
doi = {10.1080/14634980903361580},
issn = {1463-4988},
journal = {Aquatic Ecosystem Health {\&} Management},
number = {4},
pages = {429--439},
publisher = {taylorfrancis},
title = {{Protecting and managing the Arabian Gulf: Past, present and future}},
volume = {12},
year = {2009}
}
@article{Hardin1960,
author = {Hardin, G.},
doi = {10.1126/science.131.3409.1292},
issn = {0036-8075},
journal = {Science},
month = {apr},
number = {3409},
pages = {1292--1297},
title = {{The Competitive Exclusion Principle}},
volume = {131},
year = {1960}
}
@article{Harrop2011,
author = {Harrop, S R},
doi = {10.1093/jel/eqq032},
issn = {0952-8873},
journal = {Journal of Environmental Law},
number = {1},
title = {{'Living In Harmony With Nature'? Outcomes of the 2010 Nagoya Conference of the Convention on Biological Diversity}},
volume = {23},
year = {2011}
}
@article{Hayes2015,
author = {Hayes, K. R. and Dambacher, J. M. and Hosack, G. R. and Bax, N. J. and Dunstan, P. K. and Fulton, E. A. and Thompson, P. A. and Hartog, J. R. and Hobday, A. J. and Bradford, R. and Foster, S. D. and Hedge, P. and Smith, D. C. and Marshall, C. J.},
doi = {10.1016/j.ecolind.2015.05.006},
issn = {1470160X},
journal = {Ecological Indicators},
keywords = {Ecological indicators,Ecosystem health,Essential variables,Monitoring},
pages = {409--419},
title = {{Identifying indicators and essential variables for marine ecosystems}},
volume = {57},
year = {2015}
}
@article{Heink2016,
author = {Heink, Ulrich and Hauck, Jennifer and Jax, Kurt and Sukopp, Ulrich},
doi = {10.1016/j.ecolind.2015.09.031},
issn = {1470160X},
journal = {Ecological Indicators},
keywords = {Ecosystem service,Indicator,MAES,Policy relevance,Validity,Valuation},
pages = {18--26},
publisher = {Elsevier Ltd},
title = {{Requirements for the selection of ecosystem service indicators - The case of MAES indicators}},
volume = {61},
year = {2016}
}
@article{Henriques2017,
author = {Henriques, Nuno Sales and Monteiro, Pedro and Bentes, Luis and Oliveira, Frederico and Afonso, Carlos M L and Gon{\c{c}}alves, Jorge M S},
doi = {10.1016/j.ocecoaman.2017.03.016},
issn = {0964-5691},
journal = {Ocean {\&} Coastal Management},
pages = {90--97},
title = {{Marxan as a zoning tool for development and economic purposed areas - Aquaculture Management Areas (AMAs)}},
volume = {141},
year = {2017}
}
@article{Heyman2011,
author = {Heyman, William D},
doi = {10.1080/00330124.2011.585078},
issn = {0033-0124},
journal = {The Professional Geographer},
number = {4},
pages = {475--488},
title = {{Elements for Building a Participatory, Ecosystem-Based Marine Reserve Network}},
volume = {63},
year = {2011}
}
@misc{Hijmans2020,
author = {Hijmans, Robert J},
title = {{raster: Geographic Data Analysis and Modeling}},
year = {2020}
}
@article{Hilborn2007,
author = {Hilborn, Ray},
doi = {10.1111/j.1467-2979.2007.00263_2.x},
issn = {14672960},
journal = {Fish and Fisheries},
keywords = {Dedicated access,Fisheries management,Incentives,Lost yield,Overfishing},
number = {4},
pages = {285--296},
title = {{Managing fisheries is managing people: What has been learned?}},
volume = {8},
year = {2007}
}
@incollection{Himmelman1991,
address = {Ottawa},
author = {Himmelman, John H},
booktitle = {The Gulf of St. Lawrence: Small Ocean or Big Estuary?},
chapter = {4},
pages = {319--332},
publisher = {Department of Fisheries and Oceans},
title = {{Diving Observations of Subtidal Communities in the Northern Gulf of St. Lawrence}},
year = {1991}
}
@article{Hodgson2019a,
author = {Hodgson, Emma E. and Halpern, Benjamin S. and Essington, Timothy E.},
doi = {10.3389/fevo.2019.00211},
issn = {2296701X},
journal = {Frontiers in Ecology and Evolution},
keywords = {Conservation,Cumulative impacts,Ecosystem-base management,Prioritization,Resource management,ToRead},
month = {jun},
pages = {211},
publisher = {Frontiers},
title = {{Moving beyond silos in cumulative effects assessment}},
volume = {7},
year = {2019}
}
@article{Hogg2018,
author = {Hogg, Oliver T. and Huvenne, Veerle A.I. and Griffiths, Huw J. and Linse, Katrin},
doi = {10.1016/j.scitotenv.2018.01.009},
issn = {18791026},
journal = {Science of the Total Environment},
keywords = {Benthic ecology,Biogeography,Habitat mapping,Marine protected areas,Marine spatial planning,South Georgia},
pages = {384--398},
title = {{On the ecological relevance of landscape mapping and its application in the spatial planning of very large marine protected areas}},
volume = {626},
year = {2018}
}
@book{Holling1978,
address = {Chichester},
author = {Holling, C S},
booktitle = {John Wiley {\&} Sons},
issn = {9781932846072},
publisher = {John Wiley {\&} Sons},
title = {{Adaptive Environmental Assessment and Management}},
url = {http://scholar.google.com/scholar?q=Adaptive Environmental Assessment and Management{\&}btnG={\&}hl=en{\&}num=20{\&}as{\_}sdt=0{\%}2C22},
year = {1978}
}
@article{Holt2011,
author = {Holt, A R and Godbold, J A and White, P C L and Slater, A M and Pereira, E G and Solan, M},
doi = {10.3354/meps09260},
issn = {0171-8630},
journal = {Marine Ecology Progress Series},
title = {{Mismatches between legislative frameworks and benefits restrict the implementation of the Ecosystem Approach in coastal environments}},
volume = {434},
year = {2011}
}
@article{Hooper2005,
archivePrefix = {arXiv},
arxivId = {arXiv:1011.1669v3},
author = {Hooper, David U and Chapin, FS III and Ewel, JJ and Hector, A and Inchausti, P and Lavorel, S and Lawton, JH and Lodge, DM and Loreau, M and Naeem, S and Schmid, B and SetƒÅlƒÅ, H and Symstad, AJ and Candermeer, J and Wardle, DA},
doi = {10.1890/04-0922},
eprint = {arXiv:1011.1669v3},
isbn = {9789012082754},
issn = {00129615},
journal = {Ecological Monographs},
keywords = {ToRead,biodiversity,complementary resource use,ecosystem,ecosystem goods and services,ecosystem properties,functional characteristics,functional diversity,net primary produc- tion,processes,sampling effect,species extinction,species invasions,species richness,stability},
number = {1},
pages = {3--35},
pmid = {227254000001},
title = {{Effects of biodiversity on ecosystem functionning: a consensus of current knowledge}},
volume = {75},
year = {2005}
}
@article{Hotelling1933,
author = {Hotelling, H.},
doi = {10.1037/h0071325},
issn = {00220663},
journal = {Journal of Educational Psychology},
keywords = {BIOMETRY AND STATISTICS,FACTOR ANALYSIS, THEORY,MENTAL TESTS},
number = {6},
pages = {417--441},
title = {{Analysis of a complex of statistical variables into principal components}},
volume = {24},
year = {1933}
}
@article{Hutchinson1957,
author = {Hutchinson, G. E.},
doi = {10.1101/sqb.1957.022.01.039},
issn = {0091-7451},
journal = {Cold Spring Harbor Symposia on Quantitative Biology},
number = {0},
pages = {415--427},
title = {{Concluding Remarks}},
volume = {22},
year = {1957}
}
@book{IPCC2014,
address = {Geneva, Switzerland},
author = {IPCC},
editor = {Meyer, R.K. and Pachauri, L.A.},
institution = {Intergovernmental Panel on Climate Change},
pages = {151},
title = {{Climate Change 2014: Synthesis Report. Contribution of Working Groups I, II and III to the Fifth Assessment Report of the Intergovernmental Panel on Climate Change}},
url = {https://www.ipcc.ch/site/assets/uploads/2018/02/SYR{\_}AR5{\_}FINAL{\_}full.pdf},
year = {2014}
}
@article{James1995,
author = {James, R. J. and Smith, M. P. and Fairweather, P. G.},
doi = {10.3354/meps118187},
issn = {01718630},
journal = {Marine Ecology Progress Series},
keywords = {assemblages,australia,macrofauna,pilot studies,populations,sieve mesh-size,taxonomic resolution},
pages = {187--198},
title = {{Sieve mesh size and taxonomic resolution needed to describe natural spatial variation of marine macrofauna}},
volume = {118},
year = {1995}
}
@article{Jantke2018,
author = {Jantke, Kerstin and Jones, Kendall R and Allan, James R and Chauvenet, Alienor and Watson, James and Possingham, Hugh P},
doi = {10.1111/conl.12584},
issn = {1755-263X},
journal = {Conservation Letters},
number = {6},
title = {{Poor ecological representation by an expensive reserve system: Evaluating 35 years of marine protected area expansion}},
volume = {11},
year = {2018}
}
@article{Jarvis2015,
author = {Jarvis, Rebecca M. and Breen, Barbara Bollard and Kr{\"{a}}geloh, Christian U. and Billington, D. Rex},
doi = {10.1016/j.marpol.2015.03.011},
issn = {0308597X},
journal = {Marine Policy},
keywords = {Citizen science,Environmental health,Local knowledge,Marine spatial planning,Public participation,Stakeholder engagement},
pages = {21--26},
publisher = {sciencedirect},
title = {{Citizen science and the power of public participation in marine spatial planning}},
volume = {57},
year = {2015}
}
@article{Johnson2014,
author = {Johnson, David and Lee, Jihyun and Bamba, Abou and Karibuhoye, Charlotte},
doi = {10.2112/si70-085a.1},
issn = {0749-0208},
journal = {Journal of Coastal Research},
number = {sp1},
pages = {502--506},
publisher = {bioone},
title = {{West African EBSAs: Building capacity for future protection}},
volume = {70},
year = {2014}
}
@article{Johnston2009,
author = {Johnston, Emma and Roberts, David},
doi = {10.1016/j.envpol.2009.02.017},
issn = {0269-7491},
journal = {Environment and Pollution},
number = {6},
pages = {1745--1752},
pmid = {19286291},
title = {{Contaminants reduce the richness and evenness of marine communities: A review and meta-analysis}},
volume = {157},
year = {2009}
}
@article{Jones2016,
author = {Jones, F. Chris},
doi = {10.1139/er-2015-0073},
issn = {11818700},
journal = {Environmental Reviews},
keywords = {Conceptual model,Environmental impact assessment,Environmental management,Planning,Precautionary principle,Sustainability},
number = {2},
pages = {187--204},
title = {{Cumulative effects assessment: Theoretical underpinnings and big problems}},
volume = {24},
year = {2016}
}
@article{Juda2007,
author = {Juda, Lawrence},
doi = {10.1080/00908320701530466},
issn = {0090-8320},
journal = {Ocean Development {\&} International Law},
number = {3},
pages = {259--282},
publisher = {taylorfrancis},
title = {{The European Union and Ocean Use Management: The Marine Strategy and the Maritime Policy}},
volume = {38},
year = {2007}
}
@article{Judd2015,
author = {Judd, A D and Backhaus, T and Goodsir, F},
doi = {10.1016/j.envsci.2015.07.008},
issn = {1462-9011},
journal = {Environmental Science {\&} Policy},
title = {{An effective set of principles for practical implementation of marine cumulative effects assessment}},
volume = {54},
year = {2015}
}
@book{Kareiva2011,
address = {Oxford},
author = {Kareiva, P and Tallis, H and Ricketts, TH and Daily, GC and Polasky, S},
publisher = {Oxford University Press},
title = {{Natural Capital: Theory and Practice of Mapping Ecosystem Services: Theory and Practice of Mapping Ecosystem Services}},
year = {2011}
}
@article{Kelble2013,
author = {Kelble, Christopher R. and Loomis, Dave K. and Lovelace, Susan and Nuttle, William K. and Ortner, Peter B. and Fletcher, Pamela and Cook, Geoffrey S. and Lorenz, Jerry J. and Boyer, Joseph N.},
doi = {10.1371/journal.pone.0070766},
issn = {19326203},
journal = {PLoS ONE},
number = {8},
title = {{The EBM-DPSER Conceptual Model: Integrating Ecosystem Services into the DPSIR Framework}},
volume = {8},
year = {2013}
}
@article{Kelly2018,
author = {Kelly, Christina and Ellis, Geraint and Flannery, Wesley},
doi = {10.1016/j.marpol.2018.06.023},
issn = {0308597X},
journal = {Marine Policy},
keywords = {Integrated marine governance,Transformative change,Transition management},
number = {J. Environ. Policy Plan. 2015},
pages = {24--35},
publisher = {sciencedirect},
title = {{Conceptualising change in marine governance: Learning from Transition Management}},
volume = {95},
year = {2018}
}
@article{Khan2008,
author = {Khan, M I and Islam, M R},
doi = {10.1080/15567240600815026},
issn = {1556-7249},
journal = {Energy Sources, Part B: Economics, Planning, and Policy},
number = {2},
pages = {121--132},
publisher = {taylorfrancis},
title = {{Sustainable Management Techniques for Offshore Oil and Gas Operations}},
volume = {3},
year = {2008}
}
@article{Kittinger2010,
author = {Kittinger, John N and Ayers, Adam L},
doi = {10.1080/08920753.2010.529038},
issn = {0892-0753},
journal = {Coastal Management},
number = {6},
pages = {634--653},
title = {{Shoreline Armoring, Risk Management, and Coastal Resilience Under Rising Seas}},
volume = {38},
year = {2010}
}
@article{Korpinen2016,
author = {Korpinen, Samuli and Andersen, Jesper H.},
doi = {10.3389/fmars.2016.00153},
issn = {22967745},
journal = {Frontiers in Marine Science},
keywords = {Cumulative effects,Ecosystem-based management,Human activities,Impacts,Multiple stressors,Pressures},
number = {AUG},
pages = {1--11},
title = {{A global review of cumulative pressure and impact assessments in marine environments}},
volume = {3},
year = {2016}
}
@article{Kraan2015,
author = {Kraan, Casper and Dormann, Carsten F and Greenfield, Barry L and Thrush, Simon F},
doi = {10.1371/journal.pone.0142411},
journal = {PLOS ONE},
number = {11},
publisher = {plos},
title = {{Cross-Scale Variation in Biodiversity-Environment Links Illustrated by Coastal Sandflat Communities}},
volume = {10},
year = {2015}
}
@article{Kroepelien2007,
author = {Kroepelien, Knut F},
doi = {10.1111/j.1467-9388.2007.00539.x},
issn = {1467-9388},
journal = {Review of European Community {\&} International Environmental Law},
number = {1},
pages = {24--35},
publisher = {wiley},
title = {{The Norwegian Barents Sea Management Plan and the EC Marine Strategy Directive: Some Political and Legal Challenges with an Ecosystem‚ÄêBased Approach to the Protection of the European Marine Environment}},
volume = {16},
year = {2007}
}
@article{Lacoste2018,
author = {Lacoste, {\'{E}}lise and Piot, Adeline and Archambault, Philippe and McKindsey, Christopher W. and Nozais, Christian},
doi = {10.1016/j.marenvres.2018.02.024},
issn = {18790291},
journal = {Marine Environmental Research},
keywords = {Alitta virens,Bacteria abundance,Benthic community,Biodiversity,High nucleic acid content,Limecola balthica,Meiofauna,Mya arenaria},
pages = {62--70},
title = {{Bioturbation activity of three macrofaunal species and the presence of meiofauna affect the abundance and composition of benthic bacterial communities}},
volume = {136},
year = {2018}
}
@article{LacoursiereRoussel2018,
author = {Lacoursi{\`{e}}re‚ÄêRoussel, Ana{\"{i}}s and Howland, Kimberly and Normandeau, Eric and Grey, Erin K. and Archambault, Philippe and Deiner, Kristy and Lodge, David M. and Hernandez, Cecilia and Leduc, No{\'{e}}mie and Bernatchez, Louis and Lacoursi{\`{e}}re-Roussel, Ana{\"{i}}s and Howland, Kimberly and Normandeau, Eric and Grey, Erin K. and Archambault, Philippe and Deiner, Kristy and Lodge, David M. and Hernandez, Cecilia and Leduc, No{\'{e}}mie and Bernatchez, Louis},
doi = {10.1002/ece3.4213},
issn = {17510260},
journal = {Ecology and Evolution},
keywords = {Arctic,Coastal biodiversity,Global changes,Invasion,Spatio-temporaldistribution,eDNA metabarcoding},
number = {16},
pages = {7763--7777},
publisher = {wiley},
title = {{eDNA metabarcoding as a new surveillance approach for coastal Arctic biodiversity}},
volume = {8},
year = {2018}
}
@article{Lagabrielle2014,
author = {Lagabrielle, Erwann and Crochelet, Estelle and Andrello, Marco and Schill, Steven R. and Arnaud-Haond, Sophie and Alloncle, Neil and Ponge, Benjamin},
doi = {10.1002/aqc.2500},
issn = {10990755},
journal = {Aquatic Conservation: Marine and Freshwater Ecosystems},
keywords = {Coastal,Conservation evaluation,Fishing,Marine protected areas,Ocean,Spatial modelling},
number = {S2},
pages = {94--110},
publisher = {wiley},
title = {{Connecting MPAs - eight challenges for science and management}},
volume = {24},
year = {2014}
}
@article{Laliberte2010,
author = {Lalibert{\'{e}}, Etienne and Legendre, Pierre},
doi = {10.1890/08-2244.1},
issn = {00129658},
journal = {Ecology},
keywords = {Functional composition,Functional dispersion,Functional divergence,Functional diversity,Functional evenness,Functional identity,Functional richness,Functional trait,Important,Multivariate dispersion,ToCite},
number = {1},
pages = {299--305},
pmid = {20380219},
title = {{A distance-based framework for measuring functional diversity from multiple traits}},
volume = {91},
year = {2010}
}
@misc{Laliberte2014,
author = {Lalibert{\'{e}}, Etienne and Legendre, Pierre and Shipley, B},
title = {{FD: measuring functional diversity from multiple traits, and other tools for functional ecology}},
year = {2014}
}
@article{Langhans2019,
author = {Langhans, Simone D and J{\"{a}}hnig, Sonja C and Lago, Manuel and Schmid-Kloiber, Astrid and Hein, Thomas},
doi = {10.1016/j.scitotenv.2019.04.025},
issn = {0048-9697},
journal = {Science of The Total Environment},
title = {{The potential of ecosystem-based management to integrate biodiversity conservation and ecosystem service provision in aquatic ecosystems}},
volume = {672},
year = {2019}
}
@article{Largaespada2012,
author = {Largaespada, C{\'{e}}sar and Guichard, Fr{\'{e}}d{\'{e}}ric and Archambault, Philippe},
doi = {10.1890/10-2359.1},
issn = {00129658},
journal = {Ecology},
keywords = {Ecosystem engineer,Ecosystem processes,Feedbacks,Meta-ecosystem,Mussel beds,Mytilus spp.,Nutrient fluxes,Spatial structure,Species diversity},
number = {2},
pages = {324--333},
title = {{Meta-ecosystem engineering: Nutrient fluxes reveal intraspecific and interspecific feedbacks in fragmented mussel beds}},
volume = {93},
year = {2012}
}
@article{Large2015,
author = {Large, S I and Fay, G and Friedland, K D and Link, J S},
doi = {10.3354/meps11165},
issn = {0171-8630},
journal = {Marine Ecology Progress Series},
title = {{Critical points in ecosystem responses to fishing and environmental pressures}},
volume = {521},
year = {2015}
}
@article{Larkin1996,
author = {Larkin, P. A.},
doi = {10.1007/BF00182341},
issn = {09603166},
journal = {Reviews in Fish Biology and Fisheries},
number = {2},
pages = {139--164},
title = {{Concepts and issues in marine ecosystem management}},
volume = {6},
year = {1996}
}
@article{Lassalle2011,
author = {Lassalle, G and Lobry, J and {Le Loc'h}, F and Bustamante, P and Certain, G and Delmas, D and Dupuy, C and Hily, C and Labry, C and {Le Pape}, O and Marquis, E and Petitgas, P and Pusineri, C and Ridoux, V and Spitz, J and Niquil, N},
doi = {10.1016/j.pocean.2011.09.002},
issn = {0079-6611},
journal = {Progress in Oceanography},
number = {4},
title = {{Lower trophic levels and detrital biomass control the Bay of Biscay continental shelf food web: Implications for ecosystem management}},
volume = {91},
year = {2011}
}
@article{Laughlin2014,
author = {Laughlin, Daniel C.},
doi = {10.1111/ele.12288},
issn = {14610248},
journal = {Ecology Letters},
keywords = {Community assembly,Ecosystem management,Environmental filtering,Functional diversity,Functional traits,Limiting similarity,Mass ratio,Novel ecosystems,Reference conditions,Trait hierarchies},
number = {7},
pages = {771--784},
title = {{Applying trait-based models to achieve functional targets for theory-driven ecological restoration}},
volume = {17},
year = {2014}
}
@article{LeCornu2014,
author = {{Le Cornu}, Elodie and Kittinger, John N and Koehn, J Z and Finkbeiner, Elena M and Crowder, Larry B},
doi = {10.1111/cobi.12310},
issn = {1523-1739},
journal = {Conservation Biology},
number = {4},
title = {{Current Practice and Future Prospects for Social Data in Coastal and Ocean Planning}},
volume = {28},
year = {2014}
}
@article{Lee1999,
author = {Lee, Kenneth and Nagler, James J. and Fournier, Michel and Lebeuf, Michel and Cyr, Daniel G.},
doi = {10.1016/S0045-6535(99)00024-7},
issn = {00456535},
journal = {Chemosphere},
number = {6},
pages = {1019--1035},
title = {{Toxicological characterization of sediments from Baie des Anglais on the St. Lawrence Estuary}},
volume = {39},
year = {1999}
}
@article{Lee2018,
author = {Lee, Sung Il and Zhang, Chang Ik},
doi = {10.1007/s12601-018-0045-8},
issn = {1738-5261},
journal = {Ocean Science Journal},
number = {3},
pages = {557--582},
publisher = {springer},
title = {{Evaluation of the Effect of Marine Ranching Activities on the Tongyeong Marine Ecosystem}},
volume = {53},
year = {2018}
}
@article{Legendre1993,
author = {Legendre, P.},
doi = {10.2307/1939924},
issn = {00129658},
journal = {Ecology},
number = {6},
pages = {1659--1673},
title = {{Spatial autocorrelation: trouble or new paradigm?}},
volume = {74},
year = {1993}
}
@article{Legendre2005,
author = {Legendre, Pierre and Borcard, Daniel and Peres-Neto, Pedro R},
doi = {10.1890/05-0549},
issn = {0012-9615},
journal = {Ecological Monographs},
keywords = {analysis,beta diversity,canonical ordination,community composition,mantel test,pcnm,regression on distance matrices,simulation study,spatial variation,variation partitioning},
month = {nov},
number = {4},
pages = {435--450},
title = {{Analyzing Beta diversity: Partitioning the spatial variation of community composition data}},
volume = {75},
year = {2005}
}
@article{Legendre2014,
author = {Legendre, Pierre and Gauthier, Olivier},
doi = {10.1098/rspb.2013.2728},
issn = {14712954},
journal = {Proceedings of the Royal Society B: Biological Sciences},
keywords = {Asymmetric eigenvector maps,Chesapeake Bay,Local contributions to beta diversity,Moran's eigenvector maps,Spatial eigenfunctions,Temporal eigenfunctions},
number = {1778},
title = {{Statistical methods for temporal and space-time analysis of community composition data}},
volume = {281},
year = {2014}
}
@book{Legendre1998,
author = {Legendre, Pierre and Legendre, Loic F J},
booktitle = {Elsevier},
edition = {2},
issn = {9780080523170},
publisher = {Elsevier},
title = {{Numerical ecology}},
year = {1998}
}
@article{Leibold2004,
author = {Leibold, M A and Holyoak, M and Mouquet, N and Amarasekare, P and Chase, J M and Hoopes, M F and Holt, R D and Shurin, J B and Law, R and Tilman, D and Loreau, M and Gonzalez, A},
doi = {10.1111/j.1461-0248.2004.00608.x},
journal = {Ecology Letters},
number = {7},
title = {{The metacommunity concept: a framework for multi‚Äêscale community ecology}},
volume = {7},
year = {2004}
}
@article{Levin2009,
author = {Levin, Phillip S and Fogarty, Michael J and Murawski, Steven A and Fluharty, David},
doi = {10.1371/journal.pbio.1000014},
issn = {1544-9173},
journal = {PLoS Biology},
number = {1},
publisher = {plos},
title = {{Integrated Ecosystem Assessments: Developing the Scientific Basis for Ecosystem-Based Management of the Ocean}},
volume = {7},
year = {2009}
}
@article{Levin1992,
author = {Levin, S. A.},
doi = {10.2307/1941447},
issn = {00129658},
journal = {Ecology},
number = {6},
pages = {1943--1967},
title = {{The problem of pattern and scale in ecology}},
volume = {73},
year = {1992}
}
@book{Levinton2013,
author = {Levinton, Jeffrey S.},
edition = {4},
isbn = {9780199857128},
keywords = {ToCite},
pages = {576},
publisher = {Oxford University Press},
title = {{Marine Biology: Function, Biodiversity, Ecology}},
year = {2013}
}
@article{Lewison2016,
author = {Lewison, Rebecca L and Rudd, Murray A and Al-Hayek, Wissam and Baldwin, Claudia and Beger, Maria and Lieske, Scott N and Jones, Christian and Satumanatpan, Suvaluck and Junchompoo, Chalatip and Hines, Ellen},
doi = {10.1016/j.envsci.2015.11.001},
issn = {1462-9011},
journal = {Environmental Science {\&} Policy},
title = {{How the DPSIR framework can be used for structuring problems and facilitating empirical research in coastal systems}},
volume = {56},
year = {2016}
}
@article{Lindenmayer2009,
author = {Lindenmayer, David B and Likens, Gene E},
doi = {10.1016/j.tree.2009.03.005},
issn = {0169-5347},
journal = {Trends in Ecology {\&} Evolution},
number = {9},
pages = {482--486},
publisher = {sciencedirect},
title = {{Adaptive monitoring: a new paradigm for long-term research and monitoring}},
volume = {24},
year = {2009}
}
@article{Link2013,
author = {Link, Heike and Piepenburg, Dieter and Archambault, Philippe},
doi = {10.1371/journal.pone.0074077},
issn = {19326203},
journal = {PLoS ONE},
number = {9},
title = {{Are Hotspots Always Hotspots? The Relationship between Diversity, Resource and Ecosystem Functions in the Arctic}},
volume = {8},
year = {2013}
}
@article{Link2011,
author = {Link, Jason S and Bundy, Alida and Overholtz, William J and Shackell, Nancy and Manderson, John and Duplisea, Daniel and Hare, Jon and Koen‚ÄêAlonso, Mariano and Friedland, Kevin D},
doi = {10.1111/j.1467-2979.2011.00411.x},
issn = {1467-2979},
journal = {Fish and Fisheries},
number = {2},
pages = {152--170},
publisher = {wiley},
title = {{Ecosystem‚Äêbased fisheries management in the Northwest Atlantic}},
volume = {12},
year = {2011}
}
@article{Link2002,
author = {Link, Jason S.},
issn = {0363-2415},
journal = {Fisheries},
number = {4},
pages = {18--21},
title = {{What does ecosystem-based fisheries management mean?}},
volume = {27},
year = {2002}
}
@article{Loreau2000,
author = {Loreau, M.},
doi = {10.1034/j.1600-0706.2000.910101.x},
issn = {00301299},
journal = {Oikos},
number = {1},
pages = {3--17},
title = {{Biodiversity and ecosystem functioning: Recent theoretical advances}},
volume = {91},
year = {2000}
}
@article{Ma2017,
author = {Ma, KCK and Deibel, D and Lowen, JB and McKenzie, CH},
doi = {10.3354/meps12437},
issn = {0171-8630},
journal = {Marine Ecology Progress Series},
month = {dec},
pages = {99--112},
title = {{Spatio-temporal dynamics of ascidian larval recruitment and colony abundance in a non-indigenous Newfoundland population}},
volume = {585},
year = {2017}
}
@article{MaP2017,
author = {Ma, Panpan and Ye, Guanqiong and Peng, Xin and Liu, Junfeng and Qi, Jiaguo and Jia, Shiguo},
doi = {10.1016/j.ocecoaman.2017.04.012},
issn = {09645691},
journal = {Ocean and Coastal Management},
keywords = {Conceptual model,Ecological carrying capacity evaluation,Index,Marine ecosystems,Principal component analysis},
pages = {23--30},
publisher = {sciencedirect},
title = {{Development of an index system for evaluation of ecological carrying capacity of marine ecosystems}},
volume = {144},
year = {2017}
}
@article{MacArthur1963,
author = {MacArthur, Robert H. and Wilson, Edward O.},
doi = {10.1111/j.1558-5646.1963.tb03295.x},
issn = {00143820},
journal = {Evolution},
number = {4},
pages = {373--387},
title = {{An equilibrium theory of insulat zoogeography}},
volume = {17},
year = {1963}
}
@book{MacArthur1967,
author = {MacArthur, Robert H. and Wilson, Edward Osborne},
isbn = {0691088365},
pages = {203},
publisher = {Princeton University Press},
title = {{The Theory of Island Biogeography}},
year = {1967}
}
@article{Maggs2013,
author = {Maggs, J Q and Mann, B Q and Cowley, P D},
doi = {10.1016/j.fishres.2012.10.003},
issn = {0165-7836},
journal = {Fisheries Research},
pages = {38--47},
publisher = {sciencedirect},
title = {{Contribution of a large no-take zone to the management of vulnerable reef fishes in the South-West Indian Ocean}},
volume = {144},
year = {2013}
}
@book{Magurran2011,
author = {Magurran, Anne E and McGill, Brian J},
booktitle = {Oxford University Press},
edition = {1},
issn = {9780199580675},
publisher = {Oxford University Press},
title = {{Biological diversity: frontiers in measurement and assessment}},
url = {http://scholar.google.com/scholar?q=Biological diversity: frontiers in measurement and assessment{\&}btnG={\&}hl=en{\&}num=20{\&}as{\_}sdt=0{\%}2C22},
year = {2011}
}
@article{Malone2014,
author = {Malone, Thomas C and DiGiacomo, Paul M and Gon{\c{c}}alves, Emanuel and Knap, Anthony H and Talaue-McManus, Liana and de Mora, Stephen},
doi = {10.1016/j.marpol.2013.06.008},
issn = {0308-597X},
journal = {Marine Policy},
pages = {262--272},
publisher = {sciencedirect},
title = {{A global ocean observing system framework for sustainable development}},
volume = {43},
year = {2014}
}
@article{Manley2004,
author = {Manley, Patricia N. and Zielinski, William J. and Schlesinger, Matthew D. and Mori, Sylvia R.},
doi = {10.1890/02-5249},
issn = {10510761},
journal = {Ecological Applications},
keywords = {Biological diversity,Conservation strategies, choosing,Inventory,Land management,Management actions, assessing success of,Monitoring,Populations,Sierra Nevada (California, USA),Species monitoring, multiple-species approach,Survey},
number = {1},
pages = {296--310},
title = {{Evaluation of a multiple-species approach to monitoring species at the ecoregional scale}},
volume = {14},
year = {2004}
}
@article{Margules2000,
author = {Margules, C. R. and Pressey, R. L.},
doi = {10.1038/35012251},
issn = {00280836},
journal = {Nature},
number = {6783},
pages = {243--253},
publisher = {nature},
title = {{Systematic conservation planning}},
volume = {405},
year = {2000}
}
@article{Marutani2008,
author = {Marutani, Teruhiko},
doi = {10.1007/s11160-007-9065-7},
issn = {0960-3166},
journal = {Reviews in Fish Biology and Fisheries},
number = {2},
pages = {133--141},
title = {{On the optimal path in the dynamic pool model for a fishery}},
volume = {18},
year = {2008}
}
@article{Mason2005,
author = {Mason, Norman W.H. and Mouillot, David and Lee, William G. and Wilson, J. Bastow},
doi = {10.1111/j.0030-1299.2005.13886.x},
issn = {00301299},
journal = {Oikos},
keywords = {ToCite},
number = {1},
pages = {112--118},
title = {{Functional richness, functional evenness and functional divergence: The primary components of functional diversity}},
volume = {111},
year = {2005}
}
@article{Maurer1999,
author = {Maurer, Don and Nguyen, Hai and Robertson, George and Gerlinger, Tom},
journal = {Ecological Applications},
keywords = {infatunal trophic index,iti,marine mon2itoring,ocean2 wvater quality,san pedro,there has been strong},
number = {2},
pages = {699--713},
title = {{The Infaunal Trophic Index (ITI): Its Suitability for Marine Environmental Monitoring}},
volume = {9},
year = {1999}
}
@article{McArdle2001,
author = {McArdle, Brian H. and Anderson, Marti J.},
doi = {10.1890/0012-9658(2001)082[0290:FMMTCD]2.0.CO;2},
journal = {Ecology},
keywords = {analysis,db-rda,distance measures,distance-based redundancy analysis,hypothesis testing,linear models,manova,multivariate analysis,nonparametric,partitioning,principal coordinate,redundancy analysis,semimetric measures,statistical method},
number = {1},
pages = {290--297},
title = {{Fitting multivariate models to community data: a comment on distance‚Äêbased redundancy analysis}},
volume = {82},
year = {2001}
}
@article{McClanahan2018,
author = {McClanahan, Timothy R.},
doi = {10.1111/faf.12293},
issn = {14672979},
journal = {Fish and Fisheries},
keywords = {ecosystem-based management,fisheries restoration,socio-ecological trade-offs,stock‚Äìyield relationships,sustainable marine fisheries},
number = {5},
pages = {807--820},
title = {{Multicriteria estimate of coral reef fishery sustainability}},
volume = {19},
year = {2018}
}
@article{McKindsey2001,
author = {Mckindsey, Christopher W and Bourget, Edwin.},
doi = {10.3354/meps216017},
issn = {01718630},
journal = {Marine Ecology Progress Series},
keywords = {Body size,Community structure,Density,Diversity,Intertidal communities,Richness,Rocky shore,Spatial variation},
pages = {17--30},
title = {{Body size and spatial variation of community structure in subarctic intertidal boulder fields}},
volume = {216},
year = {2001}
}
@phdthesis{McKindsey1999,
address = {Qu{\'{e}}bec},
author = {McKindsey, Christopher William},
booktitle = {Universit{\'{e}} Laval},
publisher = {Universit{\'{e}} Laval},
school = {Universit{\'{e}} Laval},
title = {{La taille des organismes et son influence sur la structure des communaut{\'{e}}s intertidales}},
year = {1999}
}
@article{McQuatters-Gollop2019,
author = {McQuatters-Gollop, Abigail and Mitchell, Ian and Vina-Herbon, Cristina and Bedford, Jacob and Addison, Prue F.E. and Lynam, Christopher P. and Geetha, P. N. and Vermeulan, Estee Ann and Smit, Kaylee and Bayley, Daniel T.I. and Morris-Webb, Elisabeth and Niner, Holly J. and Otto, Saskia A.},
doi = {10.3389/fmars.2019.00109},
issn = {22967745},
journal = {Frontiers in Marine Science},
keywords = {Assessment,Baselines,Cumulative effects,Ecosystem approach,Monitoring,Policy communication,Thresholds},
title = {{From science to evidence - how biodiversity indicators can be used for effective marine conservation policy and management}},
volume = {6},
year = {2019}
}
@article{Meadows2012,
author = {Meadows, Peter S. and Meadows, Azra and Murray, John M.H.},
doi = {10.1016/j.geomorph.2011.07.007},
issn = {0169555X},
journal = {Geomorphology},
keywords = {Benthic,Ecosystem engineers,Marine,Scales,Sediments},
pages = {31--48},
publisher = {Elsevier B.V.},
title = {{Biological modifiers of marine benthic seascapes: Their role as ecosystem engineers}},
volume = {157-158},
year = {2012}
}
@book{Meadows1991,
author = {Meadows, Peter S. and Meadows, Azra and {Zoological Society of London}},
isbn = {9780198546801},
pages = {349},
publisher = {Zoological Society of London},
title = {{The Environmental Impact of Burrowing Animals and Animal Burrows: The Proceedings of a Symposium Held at the Zoological Society of London on 3rd and 4th May 1990}},
year = {1991}
}
@article{Micheli2016,
author = {Micheli, Fiorenza and Heiman, Kimberly W. and Kappel, Carrie V. and Martone, Rebecca G. and Sethi, Suresh A. and Osio, Giacomo C. and Fraschetti, Simonetta and Shelton, Andrew O. and Tanner, Jacqui M.},
doi = {10.1016/j.ocecoaman.2016.03.014},
issn = {09645691},
journal = {Ocean and Coastal Management},
keywords = {Coastal management,Marine conservation,Multiple stressors,Trampling,Waves},
pages = {42--50},
title = {{Combined impacts of natural and human disturbances on rocky shore communities}},
volume = {126},
year = {2016}
}
@article{Milessi2005,
author = {Milessi, Andr{\'{e}}s C and Arancibia, Hugo and Neira, Sergio and Defeo, Omar},
doi = {10.1016/j.fishres.2005.02.002},
issn = {0165-7836},
journal = {Fisheries Research},
number = {1-3},
pages = {223--231},
publisher = {sciencedirect},
title = {{The mean trophic level of Uruguayan landings during the period 1990‚Äì2001}},
volume = {74},
year = {2005}
}
@article{MillennialEnvironmentalAssessment2005,
address = {Washington},
author = {{Millennial Environmental Assessment}},
journal = {Island Press},
publisher = {Island Press},
title = {{Ecosystems and human well-being: wetlands and water}},
year = {2005}
}
@article{Minto2012,
author = {Minto, C{\'{o}}il{\'{i}}n and Worm, Boris},
doi = {10.1890/10-2036.1},
issn = {1939-9170},
journal = {Ecology},
number = {10},
pages = {2139--2154},
publisher = {wiley},
title = {{Interactions between small pelagic fish and young cod across the North Atlantic}},
volume = {93},
year = {2012}
}
@article{Mora2011,
author = {Mora, Camilo and Tittensor, Derek P. and Adl, Sina and Simpson, Alastair G.B. and Worm, Boris},
doi = {10.1371/journal.pbio.1001127},
issn = {15449173},
journal = {PLoS Biology},
number = {8},
title = {{How many species are there on earth and in the ocean?}},
volume = {9},
year = {2011}
}
@book{Morin2011,
address = {Chichester, UK},
author = {Morin, Peter J},
doi = {10.1002/9781444341966},
isbn = {9781444341966},
month = {jul},
pages = {414},
publisher = {John Wiley {\&} Sons, Ltd},
title = {{Community Ecology}},
year = {2011}
}
@article{Moritz2002,
author = {Moritz, Richard E. and Bitz, Cecilia M. and Steig, Eric J.},
doi = {10.1126/science.1076522},
issn = {00368075},
journal = {Science},
number = {5586},
pages = {1497--1502},
title = {{Dynamics of recent climate change in the Arctic}},
volume = {297},
year = {2002}
}
@article{Mouillot2013,
author = {Mouillot, David and Graham, Nicholas A.J. and Vill{\'{e}}ger, S{\'{e}}bastien and Mason, Norman W.H. and Bellwood, David R.},
doi = {10.1016/j.tree.2012.10.004},
issn = {01695347},
journal = {Trends in Ecology and Evolution},
number = {3},
pages = {167--177},
title = {{A functional approach reveals community responses to disturbances}},
volume = {28},
year = {2013}
}
@article{Moullec2017,
author = {Moullec, Fabien and Gascuel, Didier and Bentorcha, Karim and Gu{\'{e}}nette, Sylvie and Robert, Marianne},
doi = {10.1016/j.jmarsys.2017.03.008},
issn = {0924-7963},
journal = {Journal of Marine Systems},
pages = {104--117},
publisher = {sciencedirect},
title = {{Trophic models: What do we learn about Celtic Sea and Bay of Biscay ecosystems?}},
volume = {172},
year = {2017}
}
@article{Murphy2019,
author = {Murphy, Grace E.P. and Wong, Melisa C. and Lotze, Heike K.},
doi = {10.1139/facets-2018-0044},
issn = {23711671},
journal = {Facets},
keywords = {Anthropogenic threats,Biogenic habitat,Coastal ecosystems,Coastal management,Conservation planning,Human impact,Seagrass,Zostera marina},
number = {1},
pages = {210--237},
title = {{A human impact metric for coastal ecosystems with application to seagrass beds in Atlantic Canada}},
volume = {4},
year = {2019}
}
@article{Murray2016,
author = {Murray, Grant and D'Anna, Linda and MacDonald, Patricia},
doi = {10.1016/j.marpol.2016.07.008},
issn = {0308-597X},
journal = {Marine Policy},
pages = {61--68},
title = {{Measuring what we value: The utility of mixed methods approaches for incorporating values into marine social-ecological system management}},
volume = {73},
year = {2016}
}
@article{Muxika2005,
author = {Muxika, I. and Borja, {\'{A}} and Bonne, W.},
doi = {10.1016/j.ecolind.2004.08.004},
issn = {1470160X},
journal = {Ecological Indicators},
keywords = {AMBI,Anoxia,Aquaculture,Biotic indices,Civil works,Coastal waters,Environmental quality assessment,Estuaries,Hydrocarbon pollution,Macrozoobenthos,Sand extraction,Soft-bottom},
number = {1},
pages = {19--31},
title = {{The suitability of the marine biotic index (AMBI) to new impact sources along European coasts}},
volume = {5},
year = {2005}
}
@article{Muxika2007,
author = {Muxika, I{\~{n}}igo and Borja, {\'{A}}ngel and Bald, Juan},
doi = {10.1016/j.marpolbul.2006.05.025},
issn = {0025326X},
journal = {Marine Pollution Bulletin},
keywords = {AMBI,Discriminant analysis,Diversity,Ecological Quality Status,Factor analysis,Macrozoobenthos,Richness,Water Framework Directive},
number = {1-6},
pages = {16--29},
pmid = {16844146},
title = {{Using historical data, expert judgement and multivariate analysis in assessing reference conditions and benthic ecological status, according to the European Water Framework Directive}},
volume = {55},
year = {2007}
}
@article{Nakagawa2013,
author = {Nakagawa, Shinichi and Schielzeth, Holger},
doi = {10.1111/j.2041-210x.2012.00261.x},
editor = {O'Hara, Robert B.},
issn = {2041210X},
journal = {Methods in Ecology and Evolution},
keywords = {Coefficient of determination,Goodness-of-fit,Heritability,Information criteria,Intra-class correlation,Linear models,Model fit,Repeatability,Variance explained},
month = {feb},
number = {2},
pages = {133--142},
title = {{A general and simple method for obtaining R 2 from generalized linear mixed-effects models}},
volume = {4},
year = {2013}
}
@article{Nelson1988,
author = {Nelson, D. A. and Miller, J. E. and Calabrese, A.},
doi = {10.1007/BF01055828},
issn = {00904341},
journal = {Archives of Environmental Contamination and Toxicology},
number = {5},
pages = {595--600},
title = {{Effect of heavy metals on bay scallops, surf clams, and blue mussels in acute and long-term exposures}},
volume = {17},
year = {1988}
}
@article{Niemi2004,
author = {Niemi, Gerald J. and McDonald, Michael E.},
doi = {10.1146/annurev.ecolsys.35.112202.130132},
issn = {00664162},
journal = {Annual Review of Ecology, Evolution, and Systematics},
keywords = {Assessment,Condition,Monitoring,Responses,Stressors},
number = {1},
pages = {89--111},
title = {{Application of ecological indicators}},
volume = {35},
year = {2004}
}
@article{Nilsson2001,
author = {Nilsson, M{\aa}ns and Dalkmann, Holger},
doi = {10.1142/s1464333201000728},
issn = {1464-3332},
journal = {Journal of Environmental Assessment Policy and Management},
number = {3},
pages = {305--327},
title = {{Decision making and strategic environmental assessment}},
volume = {3},
year = {2001}
}
@article{Norris2012,
author = {Norris, Ken},
doi = {10.1098/rstb.2011.0176},
issn = {14712970},
journal = {Philosophical Transactions of the Royal Society B: Biological Sciences},
keywords = {Biodiversity,Ecosystem function,Ecosystem services,Systems ecology},
number = {1586},
pages = {191--199},
publisher = {rsp},
title = {{Biodiversity in the context of ecosystem services: The applied need for systems approaches}},
volume = {367},
year = {2012}
}
@article{Novaczek2017,
author = {Novaczek, Emilie and Howse, Victoria and Pretty, Christina and Devillers, Rodolphe and Edinger, Evan and Copeland, Alison},
doi = {10.3389/fmars.2017.00174},
journal = {Frontiers in Marine Science},
publisher = {frontiers},
title = {{Limited Contribution of Small Marine Protected Areas to Regional Biodiversity: The Example of a Small Canadian No-Take MPA}},
volume = {4},
year = {2017}
}
@article{Noyes1980,
author = {Noyes, George S.},
doi = {10.2307/1540762},
issn = {0006-3185},
journal = {The Biological Bulletin},
number = {1},
pages = {103--117},
title = {{The Biology of Aglaophamus Neotenus (Polychaeta: Nephtyidae), a New Species From Maine and Canada}},
volume = {158},
year = {1980}
}
@article{Nozeres2015,
author = {Noz{\`{e}}res, Claude and Bourassa, Marie-No{\"{e}}lle and Gendron, Marie-H{\'{e}}l{\`{e}}ne and Plourde, St{\'{e}}phane and Savenkoff, Claude and Bourdages, Hugo and Beno{\^{i}}t, H and Bolduc, F},
isbn = {9780660039084},
journal = {Canadian Technical Report of Fisheries and Aquatic Sciences},
pages = {126},
title = {{Using annual ecosystemic multispecies surveys to assess biodiversity in the Gulf of St . Lawrence}},
volume = {3149},
year = {2015}
}
@article{Nye2013,
author = {Nye, Janet A and Gamble, Robert J and Link, Jason S},
doi = {10.1016/j.ecolmodel.2012.08.019},
issn = {0304-3800},
journal = {Ecological Modelling},
pages = {157--168},
publisher = {sciencedirect},
title = {{The relative impact of warming and removing top predators on the Northeast US large marine biotic community}},
volume = {264},
year = {2013}
}
@article{OBoyle2006,
author = {O'Boyle, Robert and Jamieson, Glen},
doi = {10.1016/j.fishres.2005.11.027},
issn = {0165-7836},
journal = {Fisheries Research},
number = {1-2},
pages = {1--12},
publisher = {sciencedirect},
title = {{Observations on the implementation of ecosystem-based management: Experiences on Canada's east and west coasts}},
volume = {79},
year = {2006}
}
@article{OConnor2005,
author = {O'Connor, Nessa E. and Crowe, Tasman P.},
doi = {10.1890/04-1172},
issn = {00129658},
journal = {Ecology},
keywords = {Algae,Biodiversity,Ecosystem functioning,Gastropod,Grazer,Ireland,Patella ulyssiponensis,Removal experiment,Rocky shore,Species identity,Species loss},
number = {7},
pages = {1783--1796},
title = {{Biodiversity loss and ecosystem functioning: distinguishing betwenne number and identity of species}},
volume = {86},
year = {2005}
}
@article{OReilly1980,
author = {O'Reilly, Charles A},
doi = {10.5465/255556},
issn = {0001-4273},
journal = {Academy of Management Journal},
number = {4},
title = {{Individuals and Information Overload in Organizations: Is More Necessarily Better?}},
volume = {23},
year = {1980}
}
@misc{OBIS2020,
author = {OBIS},
title = {{Ocean Biodiversity Information System (OBIS)}},
url = {https://www.obis.org},
urldate = {2020-12-18},
year = {2020}
}
@misc{OBP2019,
author = {OBP},
title = {{OceanBestPractices Repository (OBP)}},
url = {https://development.oceanbestpractices.net/page/about},
urldate = {2020-12-18},
year = {2019}
}
@article{Odum1979,
author = {Odum, Eugene P. and Finn, John T. and Franz, Eldon H.},
doi = {10.2307/1307690},
issn = {00063568},
journal = {BioScience},
number = {6},
pages = {349--352},
title = {{Perturbation Theory and the Subsidy-Stress Gradient}},
volume = {29},
year = {1979}
}
@article{Oinonen2016,
author = {Oinonen, Soile and Hyyti{\"{a}}inen, Kari and Ahlvik, Lassi and Laamanen, Maria and Lehtoranta, Virpi and Saloj{\"{a}}rvi, Joona and Virtanen, Jarno},
doi = {10.1371/journal.pone.0147085},
issn = {19326203},
journal = {PLoS ONE},
number = {1},
pages = {1--19},
title = {{Cost-effective marine protection - A pragmatic approach}},
volume = {11},
year = {2016}
}
@article{Oken2016,
author = {Oken, Kiva L and Essington, Timothy E},
doi = {10.1093/icesjms/fsw074},
issn = {1054-3139},
journal = {ICES Journal of Marine Science: Journal du Conseil},
number = {9},
pages = {2267--2277},
title = {{Evaluating the effect of a selective piscivore fishery on rockfish recovery within marine protected areas}},
volume = {73},
year = {2016}
}
@misc{Oksanen2019,
author = {Oksanen, Jari and Blanchet, F. Guillaume and Friendly, Michael and Kindt, Roeland and Legendre, Pierre and McGlinn, Don and Minchin, Peter R. and O'Hara, R.B. and Simpson, Gavin L. and Solymos, Peter and Stevens, M. Henry H. and Szoecs, Eduard and Wagner, Helene},
title = {{vegan: Community Ecology Package}},
year = {2019}
}
@article{Olsen2007,
author = {Olsen, Erik and Gj{\o}s{\ae}ter, Harald and R{\o}ttingen, Ingolf and Dommasnes, Are and Fossum, Petter and Sandberg, Per},
doi = {10.1093/icesjms/fsm005},
issn = {1054-3139},
journal = {ICES Journal of Marine Science},
keywords = {EAF,area-based,ecosystem approach,management plan},
number = {4},
pages = {599--602},
title = {{The Norwegian ecosystem-based management plan for the Barents Sea}},
volume = {64},
year = {2007}
}
@article{Olson2011,
author = {Olson, Julia},
doi = {10.1016/j.marpol.2011.01.016},
issn = {0308-597X},
journal = {Marine Policy},
number = {4},
pages = {528--535},
title = {{Producing nature and enacting difference in ecosystem-based fisheries management: An example from the Northeastern US}},
volume = {35},
year = {2011}
}
@article{Orr2020,
author = {Orr, James A. and Vinebrooke, Rolf D. and Jackson, Michelle C. and Kroeker, Kristy J. and Kordas, Rebecca L. and Mantyka-pringle, Chrystal and {Van den Brink}, Paul J. and {De Laender}, Frederik and Stoks, Robby and Holmstrup, Martin and Matthaei, Christoph D. and Monk, Wendy A. and Penk, Marcin R. and Leuzinger, Sebastian and Sch{\"{a}}fer, Ralf B. and Piggott, Jeremy J.},
doi = {10.1098/rspb.2020.0421},
journal = {Proceedings of the Royal Society B: Biological Sciences},
keywords = {Important,ToRead,ecology,environmental science},
pages = {20200421},
title = {{Towards a unified study of multiple stressors : divisions and common goals across research disciplines}},
year = {2020}
}
@article{Orth2006,
author = {Orth, Robert J. and Carruthers, Tim J.B. and Dennison, William C. and Duarte, Carlos M. and Fourqurean, James W. and Heck, Kenneth L. and Hughes, A. Randall and Kendrick, Gary A. and Kenworthy, W. Judson and Olyarnik, Suzanne and Short, Frederick T. and Waycott, Michelle and Williams, Susan L.},
doi = {10.1641/0006-3568(2006)56[987:AGCFSE]2.0.CO;2},
issn = {00063568},
journal = {BioScience},
keywords = {Decline,Ecological services,Monitoring,Seagrass,Sentinels},
number = {12},
pages = {987--996},
title = {{A global crisis for seagrass ecosystems}},
volume = {56},
year = {2006}
}
@article{Ortiz2008,
author = {Ortiz, D M and Tissot, B N},
doi = {10.3354/meps07492},
issn = {0171-8630},
journal = {Marine Ecology Progress Series},
pages = {217--232},
publisher = {interresearch},
title = {{Ontogenetic patterns of habitat use by reef-fish in a Marine Protected Area network: a multi-scaled remote sensing and in situ approach}},
volume = {365},
year = {2008}
}
@book{Ovaskainen2020,
address = {Cambridge},
author = {Ovaskainen, Otso and Abrego, Nerea},
doi = {10.1017/9781108591720},
isbn = {9781108591720},
pages = {372},
publisher = {Cambridge University Press},
title = {{Joint Species Distribution Modelling}},
year = {2020}
}
@article{Ovaskainen2017,
author = {Ovaskainen, Otso and Tikhonov, Gleb and Norberg, Anna and {Guillaume Blanchet}, F. and Duan, Leo and Dunson, David and Roslin, Tomas and Abrego, Nerea},
doi = {10.1111/ele.12757},
issn = {14610248},
journal = {Ecology Letters},
keywords = {Assembly process,biotic filtering,community distribution,community modelling,community similarity,environmental filtering,functional trait,joint species distribution model,metacommunity,phylogenetic signal},
number = {5},
pages = {561--576},
title = {{How to make more out of community data? A conceptual framework and its implementation as models and software}},
volume = {20},
year = {2017}
}
@article{Painting2013,
author = {Painting, S J and van der Molen, J and Parker, E R and Coughlan, C and Birchenough, S and Bolam, S and Aldridge, J N and Forster, R M and Greenwood, N},
doi = {10.1007/s10533-012-9774-4},
issn = {0168-2563},
journal = {Biogeochemistry},
number = {1-3},
pages = {237--257},
publisher = {springer},
title = {{Development of indicators of ecosystem functioning in a temperate shelf sea: a combined fieldwork and modelling approach}},
volume = {113},
year = {2013}
}
@article{Palerm2000,
author = {Palerm, Juan R},
doi = {10.1080/713676582},
issn = {0964-0568},
journal = {Journal of Environmental Planning and Management},
number = {5},
pages = {581--600},
title = {{An Empirical‚ÄêTheoretical Analysis Framework for Public Participation in Environmental Impact Assessment}},
volume = {43},
year = {2000}
}
@misc{Palomares2020,
author = {Palomares, MLD and Pauly, D},
title = {{SeaLifeBase}},
url = {https://sealifebase.ca},
urldate = {2020-12-18},
year = {2020}
}
@incollection{Paquette2018,
address = {Sept-{\^{I}}les, QC},
author = {Paquette, Laurence and Cusson, Mathieu and Danhiez, Fran{\c{c}}ois and B{\'{e}}langer, Simon and Shuhmacher, Z{\'{e}}lie and Carri{\`{e}}re, Julie},
booktitle = {Observatoire environnemental de la Baie de Sept-{\^{I}}les},
chapter = {6},
editor = {Carri{\`{e}}re, Julie},
pages = {453--488},
publisher = {INREST},
title = {{Caract{\'{e}}risation de l'herbier de zost{\`{e}}res marines}},
year = {2018}
}
@incollection{Paquette2018,
address = {Sept-{\^{I}}les, QC},
author = {Paquette, Laurence and {Le H{\'{e}}naff}, Aur{\'{e}}lie and Carri{\`{e}}re, Julie},
booktitle = {Observatoire environnemental de la Baie de Sept-{\^{I}}les},
chapter = {8},
editor = {Carri{\`{e}}re, Julie},
pages = {569--590},
publisher = {INREST},
title = {{Courants marins}},
year = {2018}
}
@article{Paterson2011,
author = {Paterson, DM and Hanley, ND and Black, K and Defew, EC and Solan, M},
doi = {10.3354/meps0279},
issn = {0171-8630},
journal = {Marine Ecology Progress Series},
pages = {201--202},
title = {{Biodiversity, ecosystems and coastal zone management: linking science and policy}},
volume = {434},
year = {2011}
}
@article{Patrick2015,
author = {Patrick, Wesley S. and Link, Jason S.},
doi = {10.1016/j.marpol.2015.08.014},
issn = {0308597X},
journal = {Marine Policy},
keywords = {Ecosystem approaches to fisheries management,Ecosystem based management,Ecosystem-based fisheries management,Fisheries,Optimum yield},
pages = {74--81},
publisher = {Elsevier},
title = {{Hidden in plain sight: Using optimum yield as a policy framework to operationalize ecosystem-based fisheries management}},
volume = {62},
year = {2015}
}
@article{Pearson1978,
author = {Pearson, T H and Rosenberg, Rutger},
journal = {Oceanography and Marine Biology Annual Review},
pages = {229--311},
title = {{Macrobenthic succession in relation to organic enrichment and pollution of the marine environment}},
volume = {16},
year = {1978}
}
@article{Pebesma2018,
author = {Pebesma, Edzer},
doi = {10.32614/RJ-2018-009},
issn = {2073-4859},
journal = {The R Journal},
number = {1},
pages = {439},
title = {{Simple Features for R: Standardized Support for Spatial Vector Data}},
volume = {10},
year = {2018}
}
@article{Pelletier2018,
author = {Pelletier, Marguerite C. and Gillett, David J. and Hamilton, Anna and Grayson, Treda and Hansen, Virginia and Leppo, Erik W. and Weisberg, Stephan B. and Borja, Angel},
doi = {10.1016/j.ecolind.2017.08.067},
issn = {1470160X},
journal = {Ecological Indicators},
keywords = {Benthic index,Coastal assessment,Estuary,Invertebrates},
pages = {818--827},
title = {{Adaptation and application of multivariate AMBI (M-AMBI) in US coastal waters}},
volume = {89},
year = {2018}
}
@article{Pesant2015,
author = {Pesant, Stephane and Not, Fabrice and Picheral, Marc and Kandels-Lewis, Stefanie and {Le Bescot}, Noan and Gorsky, Gabriel and Iudicone, Daniele and Karsenti, Eric and Speich, Sabrina and Trouble, Romain and Dimier, Celine and Searson, Sarah},
doi = {10.1038/sdata.2015.23},
issn = {20524463},
journal = {Scientific Data},
number = {1},
publisher = {nature},
title = {{Open science resources for the discovery and analysis of Tara Oceans data}},
volume = {2},
year = {2015}
}
@article{Piacenza2015,
author = {Piacenza, Susan E. and Barner, Allison K. and Benkwitt, Cassandra E. and Boersma, Kate S. and Cerny-Chipman, Elizabeth B. and Ingeman, Kurt E. and Kindinger, Tye L. and Lee, Jonathan D. and Lindsley, Amy J. and Reimer, Jessica N. and Rowe, Jennifer C. and Shen, Chenchen and Thompson, Kevin A. and Thurman, Lindsey L. and Heppell, Selina S.},
doi = {10.1371/journal.pone.0135135},
issn = {19326203},
journal = {PLoS ONE},
keywords = {ToCite},
number = {8},
pages = {1--23},
title = {{Patterns and variation in benthic biodiversity in a large marine ecosystem}},
volume = {10},
year = {2015}
}
@article{Pianka1970,
author = {Pianka, Eric R.},
doi = {10.1086/282697},
issn = {0003-0147},
journal = {The American Naturalist},
month = {nov},
number = {940},
pages = {592--597},
pmid = {20878618},
title = {{On r- and K-Selection}},
volume = {104},
year = {1970}
}
@article{Piepenburg2005,
author = {Piepenburg, Dieter},
doi = {10.1007/s00300-005-0013-5},
issn = {07224060},
journal = {Polar Biology},
number = {10},
pages = {733--755},
title = {{Recent research on Arctic benthos: Common notions need to be revised}},
volume = {28},
year = {2005}
}
@article{Piggott2015,
author = {Piggott, Jeremy J. and Townsend, Colin R. and Matthaei, Christoph D.},
doi = {10.1002/ece3.1465},
issn = {20457758},
journal = {Ecology and Evolution},
keywords = {Antagonism,Ecological surprise,Interaction,Stressor,Synergism},
number = {7},
pages = {1538--1547},
title = {{Reconceptualizing synergism and antagonism among multiple stressors}},
volume = {5},
year = {2015}
}
@article{Pikitch2004,
author = {Pikitch, E. K. and Santora, C. and Babcock, E. A. and Bakun, A. and Bonfil, R. and Conover, D. O. and Dayton, P. and Doukakis, P. and Fluharty, D. and Heneman, B. and Houde, E. D. and Link, J. and Livingston, P. A. and Mangel, M. and McAllister, M. K. and Pope, J. and Sainsbury, K. J.},
doi = {10.1126/science.1098222},
issn = {00368075},
journal = {Science},
number = {5682},
pages = {346--347},
publisher = {highwire},
title = {{Ecosystem-based fishery management}},
volume = {305},
year = {2004}
}
@article{Pinto2009,
author = {Pinto, Rute and Patr{\'{i}}cio, Joana and Baeta, Alexandra and Fath, Brian D. and Neto, Jo{\~{a}}o M. and Marques, Jo{\~{a}}o Carlos},
doi = {10.1016/j.ecolind.2008.01.005},
issn = {1470160X},
journal = {Ecological Indicators},
keywords = {Benthic communities,Biotic indices,Ecological indicators,Ecosystem integrity,Estuaries,Important,Mondego estuary,ToCite},
number = {1},
pages = {1--25},
title = {{Review and evaluation of estuarine biotic indices to assess benthic condition}},
volume = {9},
year = {2009}
}
@phdthesis{Piot2012,
address = {Rimouski},
author = {Piot, Adeline},
booktitle = {Universit{\'{e}} du Qu{\'{e}}bec {\`{a}} Rimouski},
publisher = {Universit{\'{e}} du Qu{\'{e}}bec {\`{a}} Rimouski},
school = {Universit{\'{e}} du Qu{\'{e}}bec {\`{a}} Rimouski},
title = {{Impacts des changements de biodiversit{\'{e}} sur le fonctionnement de l'{\'{e}}cosyst{\`{e}}me benthique en zone intertidale}},
year = {2012}
}
@article{Piot2014,
author = {Piot, Adeline and Nozais, Christian and Archambault, Philippe},
doi = {10.1111/j.1600-0706.2013.00631.x},
issn = {00301299},
journal = {Oikos},
pages = {203--213},
title = {{Meiofauna affect the macrobenthic biodiversity-ecosystem functioning relationship}},
volume = {123},
year = {2014}
}
@book{Pittman2017,
address = {Hoboken},
author = {Pittman, Simon J},
booktitle = {Wiley-Blackwell},
issn = {9781119084433},
publisher = {Wiley-Blackwell},
title = {{Seascape ecology}},
url = {http://scholar.google.com/scholar?q=Seascape ecology{\&}btnG={\&}hl=en{\&}num=20{\&}as{\_}sdt=0{\%}2C22},
year = {2017}
}
@techreport{Pocklington1989,
author = {Pocklington, Patricia},
booktitle = {Department of Fisheries and Oceans},
pages = {274},
publisher = {Department of Fisheries and Oceans},
title = {{Polychaetes of Eastern Canada: An illustrated key to polychaetes of Eastern Canada including the Eastern Arctic}},
url = {http://scholar.google.com/scholar?q=Polychaetes of Eastern Canada: An illustrated key to polychaetes of Eastern Canada including the Eastern Arctic{\&}btnG={\&}hl=en{\&}num=20{\&}as{\_}sdt=0{\%}2C22},
year = {1989}
}
@article{Poisot2013,
author = {Poisot, Timothee and Mounce, Ross and Gravel, Dominique},
doi = {10.4033/iee.2013.6b.14.f},
journal = {Ideas in Ecology and Evolution},
number = {2},
pages = {11--19},
publisher = {pmc},
title = {{Moving toward a sustainable ecological science: don't let data go to waste!}},
volume = {6},
year = {2013}
}
@misc{PortSI2020,
author = {{Port de Sept-{\^{I}}les}},
title = {{Statistiques relatives aux activit{\'{e}}s portuaires}},
url = {http://www.portsi.com/notre-port/statistiques/},
urldate = {2020-12-18},
year = {2020}
}
@article{Portman2009,
author = {Portman, Michelle},
doi = {10.1016/j.marpol.2008.07.014},
issn = {0308-597X},
journal = {Marine Policy},
number = {2},
pages = {332--338},
publisher = {sciencedirect},
title = {{Involving the public in the impact assessment of offshore renewable energy facilities}},
volume = {33},
year = {2009}
}
@article{Potts2006,
author = {Potts, Tavis},
doi = {10.1016/j.ocecoaman.2006.03.008},
issn = {0964-5691},
journal = {Ocean {\&} Coastal Management},
number = {5-6},
pages = {259--280},
title = {{A framework for the analysis of sustainability indicator systems in fisheries}},
volume = {49},
year = {2006}
}
@article{Pratt2014,
author = {Pratt, Daniel R and Lohrer, Andrew M and Pilditch, Conrad A and Thrush, Simon F},
doi = {10.1007/s10021-013-9716-6},
issn = {1432-9840},
journal = {Ecosystems},
month = {jan},
number = {1},
pages = {182--194},
title = {{Changes in Ecosystem Function Across Sedimentary Gradients in Estuaries}},
volume = {17},
year = {2014}
}
@article{Preston2002,
author = {Preston, Benjamin L. and Shackelford, Jeremiah},
doi = {10.1023/A:1014416827593},
issn = {09639292},
journal = {Ecotoxicology},
keywords = {Chesapeake Bay,Ecological risk assessment,Geographic information systems,Sediment toxicity,Water quality},
number = {2},
pages = {85--99},
title = {{Multiple stressor effects on benthic biodiversity of Chesapeake Bay: Implications for ecological risk assessment}},
volume = {11},
year = {2002}
}
@article{Queiroz2015,
author = {Queiroz, Cibele and Meacham, Megan and Richter, Kristina and Norstr{\"{o}}m, Albert V. and Andersson, Erik and Norberg, Jon and Peterson, Garry},
doi = {10.1007/s13280-014-0601-0},
isbn = {1328001406010},
issn = {00447447},
journal = {Ambio},
keywords = {ES bundles,Ecosystem services,Landscape management,Regional scale,Synergies,Trade-offs},
number = {1},
pages = {89--101},
title = {{Mapping bundles of ecosystem services reveals distinct types of multifunctionality within a Swedish landscape}},
volume = {44},
year = {2015}
}
@book{Quinn2002,
address = {Cambridge},
author = {Quinn, G P and Keough, M J},
issn = {9780521811286},
publisher = {Cambridge University Press},
title = {{Experimental design and data analysis for biologists}},
url = {http://books.google.com/books?hl=en{\&}lr={\&}id=VtU3-y7LaLYC{\&}oi=fnd{\&}pg=PP17{\&}dq=Quinn+Keough{\&}ots=cAuk{\_}trihx{\&}sig=PDiEImMpcafdWQFavq-t98JnURo},
year = {2002}
}
@misc{RTeam2020,
address = {Vianna, Austria},
author = {{R Core Team}},
publisher = {R Foundation for Statistical Computing},
title = {{R: A Language and Environment for Statistical Computing}},
year = {2020}
}
@article{Raoux2018,
author = {Raoux, Aurore and Dambacher, Jeffrey M and Pezy, Jean-Philippe and Maz{\'{e}}, Camille and Dauvin, Jean-Claude and Niquil, Nathalie},
doi = {10.1016/j.marpol.2017.12.007},
issn = {0308-597X},
journal = {Marine Policy},
number = {Ocean. Coast. Manag. 51 2008},
pages = {11--20},
publisher = {sciencedirect},
title = {{Assessing cumulative socio-ecological impacts of offshore wind farm development in the Bay of Seine (English Channel)}},
volume = {89},
year = {2018}
}
@article{Rastorgueff2015,
author = {Rastorgueff, Pierre Alexandre and Bellan-Santini, Denise and Bianchi, Carlo Nike and Bussotti, Simona and Chevaldonn{\'{e}}, Pierre and Guidetti, Paolo and Harmelin, Jean Georges and Montefalcone, Monica and Morri, Carla and Perez, Thierry and Ruitton, Sandrine and Vacelet, Jean and Personnic, S{\'{e}}bastien},
doi = {10.1016/j.ecolind.2015.02.014},
issn = {1470160X},
journal = {Ecological Indicators},
keywords = {Ecological quality,Ecosystem-based quality index,Marine Strategy Framework Directive,Mediterranean Sea,Undersea caves,Underwater marine caves},
pages = {137--152},
title = {{An ecosystem-based approach to evaluate the ecological quality of Mediterranean undersea caves}},
volume = {54},
year = {2015}
}
@article{Rees2008,
author = {Rees, Hubert L. and Hyland, Jeffrey L. and Hylland, Ketil and {Mercer Clarke}, Colleen S.L. and Roff, John C. and Ware, Suzanne},
doi = {10.1093/icesjms/fsn153},
issn = {10543139},
journal = {ICES Journal of Marine Science},
keywords = {Ecosystem management,Environmental indicators,Marine strategy,Overview,Regulation,ToCite},
number = {8},
pages = {1381--1386},
title = {{Environmental indicators: Utility in meeting regulatory needs. An overview}},
volume = {65},
year = {2008}
}
@article{Rees2018,
author = {Rees, Si{\^{a}}n E and Foster, Nicola L and Langmead, Olivia and Pittman, Simon and Johnson, David E},
doi = {10.1016/j.marpol.2017.05.016},
issn = {0308-597X},
journal = {Marine Policy},
number = {Aquat. Conserv.: Mar. Freshw. Ecosyst. 13 2003},
pages = {241--250},
publisher = {sciencedirect},
title = {{Defining the qualitative elements of Aichi Biodiversity Target 11 with regard to the marine and coastal environment in order to strengthen global efforts for marine biodiversity conservation outlined in the United Nations Sustainable Development Goal 14}},
volume = {93},
year = {2018}
}
@article{Rice2003,
author = {Rice, Jake},
doi = {10.1016/S0964-5691(03)00006-1},
issn = {09645691},
journal = {Ocean and Coastal Management},
number = {3-4},
pages = {235--259},
title = {{Environmental health indicators}},
volume = {46},
year = {2003}
}
@article{Robert2013,
author = {Robert, Pauline and Mckindsey, Christopher W and Chaillou, Gw{\'{e}}na{\"{e}}lle and Archambault, Philippe},
doi = {10.1016/j.marpolbul.2012.11.003},
issn = {0025-326X},
journal = {Mar Pollut Bull},
pages = {92--104},
pmid = {23219398},
title = {{Dose-dependent response of a benthic system to biodeposition from suspended blue mussel (Mytilus edulis) culture}},
volume = {66},
year = {2013}
}
@article{Roche2015,
author = {Roche, Dominique G. and Kruuk, Loeske E.B. and Lanfear, Robert and Binning, Sandra A.},
doi = {10.1371/journal.pbio.1002295},
issn = {15457885},
journal = {PLoS Biology},
number = {11},
title = {{Public Data Archiving in Ecology and Evolution: How Well Are We Doing?}},
url = {http://journals.plos.org/plosbiology/article?id=10.1371/journal.pbio.1002295},
volume = {13},
year = {2015}
}
@article{Roche2014,
author = {Roche, Dominique G. and Lanfear, Robert and Binning, Sandra A. and Haff, Tonya M. and Schwanz, Lisa E. and Cain, Kristal E. and Kokko, Hanna and Jennions, Michael D. and Kruuk, Loeske E B},
doi = {10.1371/journal.pbio.1001779},
issn = {15449173},
journal = {PLoS Biology},
number = {1},
title = {{Troubleshooting Public Data Archiving: Suggestions to Increase Participation}},
volume = {12},
year = {2014}
}
@article{Rodriguez2017,
author = {Rodriguez, Nicolas},
doi = {10.1016/j.ocecoaman.2016.12.023},
issn = {0964-5691},
journal = {Ocean {\&} Coastal Management},
title = {{A comparative analysis of holistic marine management regimes and ecosystem approach in marine spatial planning in developed countries}},
volume = {137},
year = {2017}
}
@misc{ROMM2020,
author = {ROMM},
title = {{R{\'{e}}seau d'Observation de Mammif{\`{e}}res Marins (ROMM)}},
url = {http://romm.ca},
urldate = {2020-12-18},
year = {2020}
}
@article{Rosenfeld2002,
author = {Rosenfeld, Jordan S},
isbn = {1600-0706},
journal = {Oikos},
number = {1},
pages = {156--162},
title = {{Functional redundancy in ecology and conservation}},
volume = {98},
year = {2002}
}
@article{Rouillard2018,
author = {Rouillard, Josselin and Lago, Manuel and Abhold, Katrina and R{\"{o}}schel, Lina and Kafyeke, Terri and Matthei{\ss}, Verena and Klimmek, Helen},
doi = {10.1007/s13280-017-0928-4},
isbn = {1328001709},
issn = {16547209},
journal = {Ambio},
keywords = {Aquatic ecosystems,EU policy,Ecosystem-based management,Evaluation,Nature protection},
number = {1},
pages = {15--24},
title = {{Protecting aquatic biodiversity in Europe: How much do EU environmental policies support ecosystem-based management?}},
volume = {47},
year = {2018}
}
@article{Rykiel1985,
author = {{Rykiel Jr.}, Edward J.},
journal = {Australian Journal of Ecology},
number = {S},
pages = {361--365},
title = {{Towards a definition of ecological disturbance}},
volume = {10},
year = {1985}
}
@article{Ryo2019,
author = {Ryo, Masahiro and Aguilar-Trigueros, Carlos A. and Pinek, Liliana and Muller, Ludo A.H. and Rillig, Matthias C.},
doi = {10.1016/j.tree.2019.03.007},
issn = {01695347},
journal = {Trends in Ecology and Evolution},
keywords = {hierarchical complexity,memory,scale,temporal dynamics,temporal ecology,time series},
number = {8},
title = {{Basic Principles of Temporal Dynamics}},
volume = {34},
year = {2019}
}
@article{Sagarin2009,
author = {Sagarin, Raphael D and Crowder, Larry B},
doi = {10.1111/j.1523-1739.2008.01078.x},
issn = {1523-1739},
journal = {Conservation Biology},
number = {1},
title = {{Breaking through the Crisis in Marine Conservation and Management: Insights from the Philosophies of Ed Ricketts}},
volume = {23},
year = {2009}
}
@article{Sala2006,
author = {Sala, Enric and Knowlton, Nancy},
doi = {10.1146/annurev.energy.31.020105.100235},
issn = {1543-5938},
journal = {Annual Review of Environment and Resources},
number = {1},
pages = {93--122},
title = {{Global Marine Biodiversity Trends}},
volume = {31},
year = {2006}
}
@article{Salas2006,
author = {Salas, F. and Marcos, C. and Neto, J. M. and Patr{\'{i}}cio, J. and P{\'{e}}rez-Ruzafa, A. and Marques, J. C.},
doi = {10.1016/j.ocecoaman.2006.03.001},
issn = {09645691},
journal = {Ocean and Coastal Management},
number = {5-6},
pages = {308--331},
title = {{User-friendly guide for using benthic ecological indicators in coastal and marine quality assessment}},
volume = {49},
year = {2006}
}
@article{Sale2014,
author = {Sale, Peter F. and Agardy, Tundi and Ainsworth, Cameron H. and Feist, Blake E. and Bell, Johann D. and Christie, Patrick and Hoegh-Guldberg, Ove and Mumby, Peter J. and Feary, David A. and Saunders, Megan I. and Daw, Tim M. and Foale, Simon J. and Levin, Phillip S. and Lindeman, Kenyon C. and Lorenzen, Kai and Pomeroy, Robert S. and Allison, Edward H. and Bradbury, R. H. and Corrin, Jennifer and Edwards, Alasdair J. and Obura, David O. and {Sadovy de Mitcheson}, Yvonne J. and Samoilys, Melita A. and Sheppard, Charles R.C.},
doi = {10.1016/j.marpolbul.2014.06.005},
issn = {18793363},
journal = {Marine Pollution Bulletin},
keywords = {Coastal resource management,Coral reef,Global change,Marine spatial planning,Socio-ecological management,Tropical coastal fishery},
number = {1},
pages = {8--23},
publisher = {Elsevier Ltd},
title = {{Transforming management of tropical coastal seas to cope with challenges of the 21st century}},
volume = {85},
year = {2014}
}
@article{Salter2001,
author = {Salter, Edward and Ford, John},
doi = {10.1016/S0025-326X(00)00115-6},
issn = {0025326X},
journal = {Marine Pollution Bulletin},
keywords = {Environmental damage,Holistic environmental assessment,Impact pathways,Oil and gas,Public perception,Total environmental risk},
number = {1},
pages = {45--58},
title = {{Holistic environmental assessment and offshore oil field exploration and production}},
volume = {42},
year = {2001}
}
@incollection{Santos2019,
author = {Santos, Catarina and Ehler, Charles N and Agardy, Tundi and Andrade, Francisco and Orbach, Michael K and Crowder, Larry B},
booktitle = {World Seas: an Environmental Evaluation},
chapter = {30},
doi = {10.1016/B978-0-12-805052-1.00033-4},
edition = {2},
editor = {Sheppard, Charles},
issn = {9780128050521},
pages = {571--592},
publisher = {Academic Press},
title = {{Marine Spatial Planning}},
year = {2019}
}
@article{Sarda2015,
author = {Sard{\'{a}}, Rafael and Valls, Josep Francesc and Pint{\'{o}}, Josep and Ariza, Eduardo and Lozoya, Juan Pablo and Fraguell, Rosa M and Mart{\'{i}}, Carolina and Rucabado, Josep and Ramis, Juan and Jimenez, J{\'{o}}se Antonio},
doi = {10.1016/j.ocecoaman.2015.07.020},
issn = {0964-5691},
journal = {Ocean {\&} Coastal Management},
pages = {167--177},
title = {{Towards a new Integrated Beach Management System: The Ecosystem-Based Management System for Beaches}},
volume = {118},
year = {2015}
}
@article{Sarker2019,
author = {Sarker, Subrata and Rahman, Muhammad Mizanur and Yadav, Atul Kumar and Islam, Mohammad Mahmudul},
doi = {10.1016/j.ocecoaman.2019.03.002},
issn = {0964-5691},
journal = {Ocean {\&} Coastal Management},
number = {Forest 27 2004},
pages = {114--122},
publisher = {sciencedirect},
title = {{Zoning of marine protected areas for biodiversity conservation in Bangladesh through socio-spatial data}},
volume = {173},
year = {2019}
}
@incollection{Schafer1990,
address = {New York, NY},
author = {Schafer, C. T. and Smith, J. N. and C{\^{o}}t{\'{e}}, R},
booktitle = {Oceanography of a Large-Scale Estuarine System},
chapter = {17},
doi = {10.1007/978-1-4615-7534-4_17},
editor = {El-Sabh, MI and Silverberg, N},
isbn = {9781461575344},
pages = {378--420},
publisher = {Springer New York},
title = {{The Saguenay Fiord: A Major Tributary to the St. Lawrence Estuary}},
year = {1990}
}
@article{Schlacher1996,
author = {Schlacher, Thomas A. and Wooldridge, Tris H.},
doi = {10.1016/0022-0981(95)00198-0},
issn = {00220981},
journal = {Journal of Experimental Marine Biology and Ecology},
keywords = {Benthos,Estuary,Macrofauna,Mesh size,Sampling},
pages = {159--171},
title = {{How sieve mesh size affects sample estimates of estuarine benthic macrofauna}},
volume = {201},
year = {1996}
}
@incollection{Schloss2017,
address = {Rimouski},
author = {Schloss, Irene and Archambault, Philippe and Beauchesne, David and Bourgault, Daniel and Cusson, Mathieu and Dumont, Dany and Ferreyra, Gustavo and Levasseur, Maurice and Pelletier, {\'{E}}milien and St-Louis, Richard and Tremblay, R{\'{e}}jean},
booktitle = {Les hydrocarbures dans le golfe du Saint-Laurent ‚Äî Enjeux sociaux, {\'{e}}conomiques et environnementaux},
chapter = {4},
editor = {Archambault, Philippe and Schloss, Irene and Grant, Cindy and Plante, Steve},
pages = {132--165},
publisher = {Notre Golfe},
title = {{Impacts potentiels cumul{\'{e}}s des facteurs de stress li{\'{e}}s aux activit{\'{e}}s humaines sur l'{\'{e}}cosyst{\`{e}}me marin du Saint-Laurent dans Les hydrocarbures dans le golfe du Saint-Laurent ‚Äï Enjeux sociaux, {\'{e}}conomiques et environnementaux}},
year = {2017}
}
@article{Schmitz2008,
author = {Schmitz, Oswald J. and Grabowski, Jonathan H. and Peckarsky, Barbara L. and Preisser, Evan L. and Trussell, Geoffrey C. and Vonesh, James R.},
doi = {10.1890/07-1030.1},
issn = {0012-9658},
journal = {Ecology},
keywords = {adaptive foraging,ecosystem function,nonconsumptive effects,nutrient cycling,predation,risk,top-down control,trophic efficiencies,trophic interactions},
number = {9},
pages = {2436--2445},
title = {{From individuals to ecosystem function: Towards an integration of evolutionary and ecosystem ecology}},
volume = {89},
year = {2008}
}
@article{Schwinghamer1981,
author = {Schwinghamer, Peter},
doi = {10.1139/f81-167},
issn = {0706-652X},
journal = {Canadian Journal of Fisheries and Aquatic Sciences},
number = {10},
pages = {1255--1263},
title = {{Characteristic Size Distributions of Integral Benthic Communities}},
volume = {38},
year = {1981}
}
@misc{SDG2015,
author = {SDG},
booktitle = {Agenda 2030},
title = {{Sustainable Development Goals Knowledge Platform (SDG)}},
url = {http://www.un.org/sustainabledevelopment/news/communications-material/},
urldate = {2020-12-18},
year = {2015}
}
@book{CBD2014,
address = {Montr{\'{e}}al},
author = {{Secretariat of the CBD}},
booktitle = {Secretariat of the Convention on Biological Diversity},
issn = {9292255401},
publisher = {Secretariat of the Convention on Biological Diversity},
title = {{Global Biodiversity Outlook 4}},
url = {https://www.cbd.int/gbo/gbo4/publication/gbo4-en-hr.pdf},
year = {2014}
}
@misc{CBD2010,
author = {{Secretariat of the CBD}},
keywords = {aichi biodiversity targets,by 2020,carbon stocks have been,ck guide to the,contribution of biodiversity to,ecosystem resilience and the,ecosystems restored and resilience,enhanced,through},
title = {{Aichi Biodiversity Targets}},
url = {https://www.cbd.int/sp/targets/},
urldate = {2020-12-18},
year = {2010}
}
@misc{SEDAC2020,
author = {SEDAC},
title = {{Percentage of total population living in coastal areas}},
urldate = {2020-12-18},
year = {2020}
}
@article{Seddon2016,
author = {Seddon, Nathalie and Mace, Georgina M. and Naeem, Shahid and Tobias, Joseph A. and Pigot, Alex L. and Cavanagh, Rachel and Mouillot, David and Vause, James and Walpole, Matt},
doi = {10.1098/rspb.2016.2094},
issn = {14712954},
journal = {Proceedings of the Royal Society B: Biological Sciences},
keywords = {Biodiversity services,Conservation,Ecosystem,Interdisciplinary,Sustainable development,Values},
title = {{Biodiversity in the anthropocene: Prospects and policy}},
volume = {283},
year = {2016}
}
@article{Seguin2014,
author = {S{\'{e}}guin, Annie and Gravel, Dominique and Archambault, Philippe},
doi = {10.3390/d6010001},
journal = {Diversity},
number = {1},
pages = {1--17},
title = {{Effect of Disturbance Regime on Alpha and Beta Diversity of Rock Pools}},
volume = {6},
year = {2014}
}
@phdthesis{Shaw2019,
author = {Shaw, Jean-Luc},
pages = {74},
school = {Universit{\'{e}} du Qu{\'{e}}bec {\`{a}} Rimouski},
title = {{Hydrodynamique de la Baie de Sept-{\^{I}}les}},
year = {2019}
}
@article{Sheldon1972,
author = {Sheldon, R W and Prakash, A and Sutcliffe, W. H.},
doi = {10.4319/lo.1972.17.3.0327},
issn = {00243590},
journal = {Limnology and Oceanography},
month = {may},
number = {3},
pages = {327--340},
title = {{The size distribution of particles in the ocean}},
volume = {17},
year = {1972}
}
@article{Sherley2015,
author = {Sherley, Richard B and Winker, Henning and Altwegg, Res and van der Lingen, Carl D and Votier, Stephen C and Crawford, Robert J M},
doi = {10.1098/rsbl.2015.0237},
issn = {1744-9561},
journal = {Biology Letters},
number = {7},
pages = {20150237},
title = {{Bottom-up effects of a no-take zone on endangered penguin demographics}},
volume = {11},
year = {2015}
}
@article{Simard2013,
author = {Simard, Nathalie and Pereira, Selma and Estrada, Rafael and Nadeau, Madeleine},
journal = {Rapport manuscrit canadien des sciences halieutiques et aquatiques},
number = {3020},
pages = {61},
title = {{EÃÅtat de la situation des espeÃÄces envahissantes marines du QueÃÅbec}},
year = {2013}
}
@article{Simboura2002,
author = {Simboura, N. and Zenetos, A.},
issn = {1108393X},
journal = {Mediterranean Marine Science},
keywords = {Benthic indicators,Biotic index,Ecological quality,Greece,Mediterranean},
number = {2},
pages = {77--111},
title = {{Benthic indicators to use in ecological quality classification of Mediterranean soft bottom marine ecosystems, including a new Biotic Index}},
volume = {3},
year = {2002}
}
@article{Slocombe1993,
author = {Slocombe, D Scott},
doi = {10.2307/1312148},
issn = {0006-3568},
journal = {BioScience},
number = {9},
pages = {612--622},
publisher = {oup},
title = {{Implementing Ecosystem-Based Management}},
volume = {43},
year = {1993}
}
@techreport{Smeets1999,
address = {Copenhagen},
author = {Smeets, Edith and Weterings, Rob},
booktitle = {European Environment Agency},
institution = {European Environment Agency},
pages = {19},
title = {{Environmental indicators: Typology and overview}},
year = {1999}
}
@article{Smith2011,
author = {Smith, Kerri},
doi = {10.1038/nclimate1235},
issn = {1758-678X},
journal = {Nature Climate Change},
month = {oct},
number = {7},
pages = {331--335},
title = {{We are seven billion}},
volume = {1},
year = {2011}
}
@book{Solan2016,
author = {Solan, Martin and Whiteley, Nia},
doi = {10.1093/acprof:oso/9780198718826.001.0001},
isbn = {9780198718826},
keywords = {anthropogenic,community,ecological responses,marine environment,multiple stressors,physiological responses,society},
month = {mar},
pages = {387},
publisher = {Oxford University Press},
title = {{Stressors in the Marine Environment}},
url = {https://oxford.universitypressscholarship.com/view/10.1093/acprof:oso/9780198718826.001.0001/acprof-9780198718826},
year = {2016}
}
@article{Song2018,
author = {Song, Andrew M and Johnsen, Jahn P and Morrison, Tiffany H},
doi = {10.1111/faf.12262},
issn = {1467-2979},
journal = {Fish and Fisheries},
number = {2},
pages = {377--389},
publisher = {wiley},
title = {{Reconstructing governability: How fisheries are made governable}},
volume = {19},
year = {2018}
}
@article{Srivastava2005,
author = {Srivastava, Diane S. and Vellend, Mark},
doi = {10.1146/annurev.ecolsys.36.102003.152636},
issn = {00664162},
journal = {Annual Review of Ecology, Evolution, and Systematics},
keywords = {Diversity,Ecosystem services,Extinction,Species richness,Stability},
number = {1},
pages = {267--294},
title = {{Biodiversity-ecosystem function research: Is it relevant to conservation?}},
volume = {36},
year = {2005}
}
@incollection{StLouis2018,
address = {Sept-{\^{I}}les, QC},
author = {St-Louis, Richard and Montero-Serrano, Jean-Carlos and Archambault, Philippe and Dreujou, Elliot and Carri{\`{e}}re, Julie},
booktitle = {Observatoire environnemental de la Baie de Sept-{\^{I}}les},
chapter = {4},
editor = {Carri{\`{e}}re, Julie},
isbn = {9782981763600},
pages = {213--376},
publisher = {INREST},
title = {{Qualit{\'{e}} des s{\'{e}}diments}},
volume = {1},
year = {2018}
}
@article{Stachowicz2007,
author = {Stachowicz, John J. and Bruno, John F. and Duffy, J. Emmett},
doi = {10.1146/annurev.ecolsys.38.091206.095659},
issn = {1543-592X},
journal = {Annual Review of Ecology, Evolution, and Systematics},
keywords = {ToCite},
number = {1},
pages = {739--766},
title = {{Understanding the Effects of Marine Biodiversity on Communities and Ecosystems}},
volume = {38},
year = {2007}
}
@article{Stange2012,
author = {Stange, Kari and Olsson, Per and {\"{O}}sterblom, Henrik},
doi = {10.1016/j.marpol.2011.10.013},
issn = {0308-597X},
journal = {Marine Policy},
number = {3},
pages = {681--688},
publisher = {sciencedirect},
title = {{Managing organizational change in an international scientific network: A study of ICES reform processes}},
volume = {36},
year = {2012}
}
@techreport{Stankey2005,
address = {Portland},
author = {Stankey, G H and Clark, R N and Bormann, B T},
booktitle = {United States Department of Agriculture},
institution = {U.S. Department of Agriculture, Forest Service, Pacific Northwest Research Station},
pages = {73},
title = {{Adaptive management of natural resources: theory, concepts, and management institutions.}},
url = {https://www.fs.fed.us/pnw/pubs/pnw{\_}gtr654.pdf},
year = {2005}
}
@techreport{StatisticsCanada2011,
address = {Ottawa},
author = {{Statistics Canada}},
institution = {Statistics Canada},
pages = {191},
publisher = {Statistics Canada},
title = {{Shipping in Canada: 2011}},
url = {https://www150.statcan.gc.ca/n1/en/pub/54-205-x/54-205-x2011000-eng.pdf?st=rUehQMzc},
year = {2011}
}
@article{Steffen2015a,
author = {Steffen, Will and Richardson, Katherine and Rockstr{\"{o}}m, Johan and Cornell, Sarah E and Fetzer, Ingo and Bennet, Elena M and Biggs, R and Carpenter, Stephen R and de Vries, Wim and de Wit, Cynthia A and Folke, Carl and Gerten, Dieter and Heinke, Jens and Mace, Georgina M and Persson, Linn M and Ramanathan, Veerabhadran and Beyers, B and S{\"{o}}rlin, Sverker},
doi = {10.1126/science.1259855},
issn = {0036-8075},
journal = {Science},
number = {6223},
pages = {736},
title = {{Planetary boundaries: Guiding human development on a changing planet}},
volume = {347},
year = {2015}
}
@article{Stephenson2018,
author = {Stephenson, Fabrice and Mill, Aileen C and Scott, Catherine L and Stewart, Gavin B and Grainger, Matthew J and Polunin, Nicholas V C and Fitzsimmons, Clare},
doi = {10.1016/j.marpol.2017.11.029},
issn = {0308-597X},
journal = {Marine Policy},
pages = {189--203},
title = {{Socio-economic, technological and environmental drivers of spatio-temporal changes in fishing pressure}},
volume = {88},
year = {2018}
}
@article{Suris-Regueiro2018,
author = {Sur{\'{i}}s-Regueiro, Juan C and Santiago, Jose L},
doi = {10.1016/j.ecolecon.2018.01.020},
issn = {0921-8009},
journal = {Ecological Economics},
pages = {276--297},
title = {{Assessment of Socioeconomic Impacts Through Physical Multipliers: The Case of Fishing Activity in Galicia (Spain)}},
volume = {147},
year = {2018}
}
@article{Sutherland2007,
author = {Sutherland, T. F. and Levings, C. D. and Petersen, S. A. and Poon, P. and Piercey, B.},
doi = {10.1016/j.marpolbul.2007.03.024},
issn = {0025326X},
journal = {Marine Pollution Bulletin},
keywords = {Benthic organic enrichment,Copepod,Finfish aquaculture,Meiofauna,Nematode,Ratio,Sediment free sulfide},
number = {8},
pages = {1249--1261},
pmid = {17585949},
title = {{The use of meiofauna as an indicator of benthic organic enrichment associated with salmonid aquaculture}},
volume = {54},
year = {2007}
}
@article{Tanhua2019,
author = {Tanhua, Toste and Pouliquen, Sylvie and Hausman, Jessica and O'Brien, Kevin and Bricher, Pip and de Bruin, Taco and Buck, Justin J. H. and Burger, Eugene F. and Carval, Thierry and Casey, Kenneth S. and Diggs, Steve and Giorgetti, Alessandra and Glaves, Helen and Harscoat, Valerie and Kinkade, Danie and Muelbert, Jose H. and Novellino, Antonio and Pfeil, Benjamin and Pulsifer, Peter L. and {Van de Putte}, Anton and Robinson, Erin and Schaap, Dick and Smirnov, Alexander and Smith, Neville and Snowden, Derrick and Spears, Tobias and Stall, Shelley and Tacoma, Marten and Thijsse, Peter and Tronstad, Stein and Vandenberghe, Thomas and Wengren, Micah and Wyborn, Lesley and Zhao, Zhiming},
doi = {10.3389/fmars.2019.00440},
issn = {2296-7745},
journal = {Frontiers in Marine Science},
publisher = {frontiers},
title = {{Ocean FAIR Data Services}},
volume = {6},
year = {2019}
}
@article{Taylor2016,
author = {Taylor, J. and Krumpen, T. and Soltwedel, T. and Gutt, J. and Bergmann, M.},
doi = {10.1016/j.dsr.2015.12.009},
issn = {09670637},
journal = {Deep-Sea Research Part I: Oceanographic Research Papers},
keywords = {Arctic,Deep sea,Epibenthic megafauna,Image analysis,Observatory,Photo/video system,Scale,Species turnover},
pages = {58--72},
title = {{Regional- and local-scale variations in benthic megafaunal composition at the Arctic deep-sea observatory HAUSGARTEN}},
volume = {108},
year = {2016}
}
@article{Teixeira2016,
author = {Teixeira, Heliana and Berg, Torsten and Uusitalo, Laura and F{\"{u}}rhaupter, Karin and Heiskanen, Anna Stiina and Mazik, Krysia and Lynam, Christopher P. and Neville, Suzanna and Rodriguez, J. German and Papadopoulou, Nadia and Moncheva, Snejana and Churilova, Tanya and Kryvenko, Olga and Krause-Jensen, Dorte and Zaiko, Anastasija and Ver{\'{i}}ssimo, Helena and Pantazi, Maria and Carvalho, Susana and Patr{\'{i}}cio, Joana and Uyarra, Maria C. and Borja, {\`{A}}ngel},
doi = {10.3389/fmars.2016.00207},
issn = {22967745},
journal = {Frontiers in Marine Science},
keywords = {Assessment,Food webs,Marine Strategy Framework Directive,Non-indigenous species,Pressures,Seafloor integrity},
pages = {207},
title = {{A catalogue of marine biodiversity indicators}},
volume = {3},
year = {2016}
}
@article{Tenopir2011,
author = {Tenopir, Carol and Allard, Suzie and Douglass, Kimberly and Aydinoglu, Arsev Umur and Wu, Lei and Read, Eleanor and Manoff, Maribeth and Frame, Mike},
doi = {10.1371/journal.pone.0021101},
issn = {19326203},
journal = {PLoS ONE},
number = {6},
publisher = {plos},
title = {{Data sharing by scientists: Practices and perceptions}},
volume = {6},
year = {2011}
}
@article{Thomsen2015,
author = {Thomsen, Philip Francis and Willerslev, Eske},
doi = {10.1016/j.biocon.2014.11.019},
issn = {0006-3207},
journal = {Biological Conservation},
pages = {4--18},
publisher = {sciencedirect},
title = {{Environmental DNA ‚Äì An emerging tool in conservation for monitoring past and present biodiversity}},
volume = {183},
year = {2015}
}
@article{Tittensor2014,
author = {Tittensor, Derek P. and Walpole, Matt and Hill, Samantha L.L. and Boyce, Daniel G. and Britten, Gregory L. and Burgess, Neil D. and Butchart, Stuart H.M. and Leadley, Paul W. and Regan, Eugenie C. and Alkemade, Rob and Baumung, Roswitha and Bellard, C{\'{e}}line and Bouwman, Lex and Bowles-Newark, Nadine J. and Chenery, Anna M. and Cheung, William W.L. and Christensen, Villy and Cooper, H. David and Crowther, Annabel R. and Dixon, Matthew J.R. and Galli, Alessandro and Gaveau, Val{\'{e}}rie and Gregory, Richard D. and Gutierrez, Nicolas L. and Hirsch, Tim L. and H{\"{o}}ft, Robert and Januchowski-Hartley, Stephanie R. and Karmann, Marion and Krug, Cornelia B. and Leverington, Fiona J. and Loh, Jonathan and Lojenga, Rik Kutsch and Malsch, Kelly and Marques, Alexandra and Morgan, David H.W. and Mumby, Peter J. and Newbold, Tim and Noonan-Mooney, Kieran and Pagad, Shyama N. and Parks, Bradley C. and Pereira, Henrique M. and Robertson, Tim and Rondinini, Carlo and Santini, Luca and Scharlemann, J{\"{o}}rn P.W. and Schindler, Stefan and Sumaila, U. Rashid and Teh, Louise S.L. and {Van Kolck}, Jennifer and Visconti, Piero and Ye, Yimin},
doi = {10.1126/science.1257484},
issn = {10959203},
journal = {Science},
number = {6206},
pages = {241--244},
publisher = {highwire},
title = {{A mid-term analysis of progress toward international biodiversity targets}},
volume = {346},
year = {2014}
}
@article{Tjur2009,
author = {Tjur, Tue},
doi = {10.1198/tast.2009.08210},
issn = {0003-1305},
journal = {The American Statistician},
keywords = {Coefficient of determination,Explanatory power,Logistic regression,R-square},
month = {nov},
number = {4},
pages = {366--372},
title = {{Coefficients of Determination in Logistic Regression Models‚ÄîA New Proposal: The Coefficient of Discrimination}},
volume = {63},
year = {2009}
}
@book{Underwood2012,
address = {Cambridge},
author = {Underwood, A J},
booktitle = {Cambridge University Press},
edition = {2},
issn = {9780511806407},
publisher = {Cambridge University Press},
title = {{Experiments in ecology: their logical design and interpretation using analysis of variance}},
url = {http://books.google.com/books?hl=en{\&}lr={\&}id=SUis4ObMdeIC{\&}oi=fnd{\&}pg=PR17{\&}dq=experiments+in+ecology{\&}ots=D5vqFiWnxC{\&}sig=3XDMUTmCPPVwDIfdqESfDE0zPr8},
year = {2012}
}
@article{Underwood2002,
author = {Underwood, A J},
journal = {Journal of Experimental Marine Biology and Ecology},
keywords = {ampling,asymmetrical design,baci,environmental impact},
number = {2},
pages = {145--178},
title = {{Beyond BACI: the detection of environmental impacts on populations in the real, but variable, world}},
volume = {161},
year = {2002}
}
@article{Underwood2000,
author = {Underwood, A. J.},
doi = {10.1023/A:1009983229076},
issn = {13861980},
journal = {Journal of Aquatic Ecosystem Stress and Recovery},
keywords = {Experimental design,Logical interpretation,Power,Precaution,Spatial variance,Temporal variance},
number = {1},
pages = {3--24},
title = {{Importance of experimental design in detecting and measuring stresses in marine populations}},
volume = {7},
year = {2000}
}
@misc{UN2020,
author = {{United Nations}},
title = {{The Decade of Ocean Science for Sustainable Sevelopment}},
url = {https://oceandecade.org},
urldate = {2020-12-18},
year = {2020}
}
@techreport{UN2015,
address = {Paris},
author = {{United Nations}},
institution = {Framework Convention on Climate Change},
issn = {0378777X},
pages = {36},
title = {{Report of the Conference of the Parties on its twenty-first session, held in Paris from 30 November to 13 December 2015}},
year = {2015}
}
@techreport{UN2019,
author = {{United Nations}},
institution = {Department of Economic and Social Affairs, Population Division},
title = {{Probabilistic Population Projections Rev. 1 based on the World Population Prospects 2019 Rev.1}},
url = {http://population.un.org/wpp/},
year = {2019}
}
@techreport{UN1992,
author = {{United Nations}},
doi = {10.1016/B978-0-12-384719-5.00418-4},
isbn = {9780123847195},
keywords = {Access and benefit sharing,Aichi Biodiversity Targets,Conference of the Parties,Conservation,Convention on Biological Diversity,Global Biodiversity Outlook,Multilateral environmental agreement,Strategic Plan for Biodiversity 2011-2020,Sustainable use,United Nations},
pages = {28},
publisher = {United Nations},
title = {{Convention on Biological Diversity (CBD)}},
url = {https://www.cbd.int/doc/legal/cbd-en.pdf},
year = {1992}
}
@article{VanDenderen2015,
author = {van Denderen, P D and Bolam, S G and Hiddink, J G and Jennings, S and Kenny, A and Rijnsdorp, A D and van Kooten, T},
doi = {10.3354/meps11550},
issn = {0171-8630},
journal = {Marine Ecology Progress Series},
pages = {31--43},
publisher = {interresearch},
title = {{Similar effects of bottom trawling and natural disturbance on composition and function of benthic communities across habitats}},
volume = {541},
year = {2015}
}
@article{VanderPlas2019,
author = {van der Plas, Fons},
doi = {10.1111/brv.12499},
issn = {1464-7931},
journal = {Biological Reviews},
number = {4},
pages = {1220--1245},
publisher = {wiley},
title = {{Biodiversity and ecosystem functioning in naturally assembled communities}},
volume = {94},
year = {2019}
}
@article{vanEtten2017,
author = {van Etten, Jacob},
doi = {10.18637/jss.v076.i13},
issn = {1548-7660},
journal = {Journal of Statistical Software},
number = {13},
title = {{R Package gdistance : Distances and Routes on Geographical Grids}},
volume = {76},
year = {2017}
}
@article{VanLeeuwen2014,
author = {van Leeuwen, Judith and Raakjaer, Jesper and van Hoof, Luc and van Tatenhove, Jan and Long, Ron{\'{a}}n and Ounanian, Kristen},
doi = {10.1016/j.marpol.2014.03.004},
issn = {0308-597X},
journal = {Marine Policy},
pages = {325--330},
title = {{Implementing the Marine Strategy Framework Directive: A policy perspective on regulatory, institutional and stakeholder impediments to effective implementation}},
volume = {50},
year = {2014}
}
@book{Venables2002,
address = {New York},
author = {Venables, WN and Ripley, BD},
edition = {4},
isbn = {0-387-95457-0},
publisher = {Springer},
title = {{Modern Applied Statistics with S}},
year = {2002}
}
@article{Villeger2008,
author = {Vill{\'{e}}ger, S{\'{e}}bastien and Mason, Norman W.H. and Mouillot, David},
doi = {10.1890/07-1206.1},
issn = {00129658},
journal = {Ecology},
keywords = {Competitive filtering,Environmental filtering,Functional divergence,Functional evenness,Functional niche,Functional richness,Functional traits,Important,Null model,ToCite},
number = {8},
pages = {2290--2301},
title = {{New multidimensional functional diversity indices for a multifaceted framework in functional ecology}},
volume = {89},
year = {2008}
}
@article{Warwick1995,
author = {Warwick, R M and Clarke, K R},
doi = {10.3354/meps129301},
issn = {01718630},
journal = {Marine Ecology Progress Series},
keywords = {ToCite},
number = {1-3},
pages = {301--305},
title = {{New 'biodiversity' measures reveal a decrease in taxonomic distinctness with increasing stress}},
volume = {129},
year = {1995}
}
@article{Warwick1994,
author = {Warwick, R M and Clarke, K R},
doi = {10.1007/BF00347523},
issn = {0025-3162},
journal = {Marine Biology},
month = {mar},
number = {4},
pages = {739--744},
title = {{Relearning the ABC: taxonomic changes and abundance/biomass relationships in disturbed benthic communities}},
volume = {118},
year = {1994}
}
@article{Warwick1984,
author = {Warwick, R. M. and Clarke, K. R.},
doi = {10.1007/BF00379085},
issn = {00298549},
journal = {Oecologia},
pages = {32--41},
title = {{Species size distributions in marine benthic communities}},
volume = {61},
year = {1984}
}
@article{Warwick2006,
author = {Warwick, R. M. and Dashfield, S. L. and Somerfield, P. J.},
doi = {10.1016/j.jembe.2005.12.013},
issn = {00220981},
journal = {Journal of Experimental Marine Biology and Ecology},
keywords = {Body size,Community composition,Dispersion patterns,Diversity,Dominance,Fractal,Isles of Scilly,Macrobenthos,Meiobenthos,Sandflat},
number = {1},
pages = {12--18},
title = {{The integral structure of a benthic infaunal assemblage}},
volume = {330},
year = {2006}
}
@article{Watson2018,
author = {Watson, James R. and Fuller, Emma C. and Castruccio, Frederic S. and Samhouri, Jameal F.},
doi = {10.3389/fmars.2018.00046},
issn = {22967745},
journal = {Frontiers in Marine Science},
keywords = {Biophysical,Fishing,Fronts,Lagrangian coherent structures,Livelihoods,Seascape,Social-ecological systems,Spatial behavior},
publisher = {frontiers},
title = {{Fishermen follow fine-scale physical ocean features for finance}},
volume = {5},
year = {2018}
}
@article{Waycott2009,
author = {Waycott, Michelle and Duarte, Carlos M. and Carruthers, Tim J.B. and Orth, Robert J. and Dennison, William C. and Olyarnik, Suzanne and Calladine, Ainsley and Fourqurean, James W. and Heck, Kenneth L. and Hughes, A. Randall and Kendrick, Gary A. and Kenworthy, W. Judson and Short, Frederick T. and Williams, Susan L.},
doi = {10.1073/pnas.0905620106},
issn = {10916490},
journal = {Proceedings of the National Academy of Sciences of the United States of America},
keywords = {Ecosystem decline,Global trajectories,Habitat loss,Marine habitat},
number = {30},
pages = {12377--12381},
pmid = {19587236},
title = {{Accelerating loss of seagrasses across the globe threatens coastal ecosystems}},
volume = {106},
year = {2009}
}
@book{Webb2019,
author = {Webb, Paul},
pages = {580},
publisher = {Rebus Community},
title = {{Introduction to Oceanography}},
year = {2019}
}
@article{Wei2020,
author = {Wei, Chih Lin and Cusson, Mathieu and Archambault, Philippe and Belley, Renald and Brown, Tanya and Burd, Brenda J. and Edinger, Evan and Kenchington, Ellen and Gilkinson, Kent and Lawton, Peter and Link, Heike and Ramey-Balci, Patricia A. and Scrosati, Ricardo A. and Snelgrove, Paul V.R.},
doi = {10.1111/ddi.13013},
issn = {14724642},
journal = {Diversity and Distributions},
keywords = {Arctic Ocean,Atlantic Ocean,Pacific Ocean,alpha diversity,benthic invertebrates,biodiversity conservation,energy‚Äìdiversity relationship,marine protected area,productivity‚Äìdiversity relationship,seafloor biodiversity},
number = {2},
pages = {226--241},
title = {{Seafloor biodiversity of Canada's three oceans: Patterns, hotspots and potential drivers}},
volume = {26},
year = {2020}
}
@article{Wentworth1922,
author = {Wentworth, Chester K.},
doi = {10.1086/622910},
issn = {0022-1376},
journal = {The Journal of Geology},
number = {5},
pages = {377--392},
title = {{A Scale of Grade and Class Terms for Clastic Sediments}},
volume = {30},
year = {1922}
}
@incollection{White2010,
address = {Great Britain},
author = {White, Piran C L and Godbold, Jasmin A and Solan, Martin and Wiegand, Jessica and Holt, Alison R},
booktitle = {Ecosystem Services: Issues in Environmental Science and Technology},
doi = {10.1039/9781849731058-00029},
issn = {9781849731058},
pages = {29--51},
publisher = {Royal Society of Chemistry},
title = {{Chapter 2. Ecosystem Services and Policy: A Review of Coastal Wetland Ecosystem Services and an Efficiency-Based Framework for Implementing the Ecosystem Approach}},
url = {http://ebook.rsc.org/?DOI=10.1039/9781849731058-00029},
volume = {30},
year = {2010}
}
@article{Wiener2013,
author = {Wiener, Carlie S and Wagner, Daniel},
doi = {10.5479/si.00775630.594},
issn = {0077-5630},
journal = {Atoll Research Bulletin},
number = {594},
pages = {1--23},
title = {{Sailing through Time: A Historical Examination of the Explorations and Expeditions of the PapahƒÅnaumokuƒÅkea Marine National Monument}},
volume = {594},
year = {2013}
}
@article{Wilkinson2016,
author = {Wilkinson, Mark D. and Dumontier, Michel and Aalbersberg, IJsbrand Jan and Appleton, Gabrielle and Axton, Myles and Baak, Arie and Blomberg, Niklas and Boiten, Jan Willem and {da Silva Santos}, Luiz Bonino and Bourne, Philip E. and Bouwman, Jildau and Brookes, Anthony J. and Clark, Tim and Crosas, Merc{\`{e}} and Dillo, Ingrid and Dumon, Olivier and Edmunds, Scott and Evelo, Chris T. and Finkers, Richard and Gonzalez-Beltran, Alejandra and Gray, Alasdair J.G. and Groth, Paul and Goble, Carole and Grethe, Jeffrey S. and Heringa, Jaap and t Hoen, Peter A.C. and Hooft, Rob and Kuhn, Tobias and Kok, Ruben and Kok, Joost and Lusher, Scott J. and Martone, Maryann E. and Mons, Albert and Packer, Abel L. and Persson, Bengt and Rocca-Serra, Philippe and Roos, Marco and van Schaik, Rene and Sansone, Susanna Assunta and Schultes, Erik and Sengstag, Thierry and Slater, Ted and Strawn, George and Swertz, Morris A. and Thompson, Mark and {Van Der Lei}, Johan and {Van Mulligen}, Erik and Velterop, Jan and Waagmeester, Andra and Wittenburg, Peter and Wolstencroft, Katherine and Zhao, Jun and Mons, Barend},
doi = {10.1038/sdata.2016.18},
issn = {20524463},
journal = {Scientific Data},
publisher = {nature},
title = {{Comment: The FAIR Guiding Principles for scientific data management and stewardship}},
volume = {3},
year = {2016}
}
@book{Wilson1992,
address = {Cambridge, Massachusetts},
author = {Wilson, Edward Osborne},
isbn = {9780674212985},
pages = {424},
publisher = {Harvard University Press},
title = {{The Diversity of Life}},
year = {1992}
}
@article{Wilson2005,
author = {Wilson, Kerrie and Pressey, Robert L. and Newton, Adrian and Burgman, Mark and Possingham, Hugh and Weston, Chris},
doi = {10.1007/s00267-004-0095-9},
issn = {0364152X},
journal = {Environmental Management},
keywords = {Conservation planning,Reserve design,Threats,ToCite,Uncertainty,Vulnerability},
number = {5},
pages = {527--543},
pmid = {15920667},
title = {{Measuring and incorporating vulnerability into conservation planning}},
volume = {35},
year = {2005}
}
@article{Witman2004,
author = {Witman, Jon D. and Etter, Ron J. and Smith, Franz},
doi = {10.1073/pnas.0404300101},
issn = {00278424},
journal = {Proceedings of the National Academy of Sciences of the United States of America},
number = {44},
pages = {15664--15669},
publisher = {highwire},
title = {{The relationship between regional and local species diversity in marine benthic communities: A global perspective}},
volume = {101},
year = {2004}
}
@article{Witman2015,
author = {Witman, Jon D. and Lamb, Robert W. and Byrnes, Jarrett E.K.},
doi = {10.1890/14-2265.1},
issn = {15577015},
journal = {Ecological Monographs},
keywords = {Complexity,Coral reef,Experimental design,Field experiments,Human impacts,Long-term monitoring,Mangroves,Marine community ecology,Rocky intertidal,Rocky subtidal,Scale},
number = {4},
pages = {475--504},
title = {{Towards an integration of scale and complexity in marine ecology}},
volume = {85},
year = {2015}
}
@incollection{Word1978,
address = {Los Angeles},
author = {Word, JQ},
booktitle = {Southern California Coastal Water Research Project},
editor = {Bascom, W},
pages = {19--39},
title = {{The infaunal trophic index}},
year = {1978}
}
@article{Worm2006,
author = {Worm, Boris and Barbier, Edward B. and Beaumont, Nicola and Duffy, J. Emmett and Folke, Carl and Halpern, Benjamin S. and Jackson, Jeremy B.C. and Lotze, Heike K. and Micheli, Fiorenza and Palumbi, Stephen R. and Sala, Enric and Selkoe, Kimberley A. and Stachowicz, John J. and Watson, Reg},
doi = {10.1126/science.1132294},
issn = {00368075},
journal = {Science},
number = {5800},
pages = {787--790},
title = {{Impacts of biodiversity loss on ocean ecosystem services}},
volume = {314},
year = {2006}
}
@misc{WoRMS2020,
author = {{WoRMS Editorial Board}},
title = {{World Register of Marine Species (WoRMS)}},
url = {http://marinespecies.org},
urldate = {2020-12-18},
year = {2020}
}
@article{Yamakita2015,
author = {Yamakita, Takehisa and Yamamoto, Hiroyuki and Nakaoka, Masahiro and Yamano, Hiroya and Fujikura, Katsunori and Hidaka, Kiyotaka and Hirota, Yuichi and Ichikawa, Tadafumi and Kakehi, Shigeho and Kameda, Takahiko and Kitajima, Satoshi and Kogure, Kazuhiro and Komatsu, Teruhisa and Kumagai, Naoki H and Miyamoto, Hiroomi and Miyashita, Kazushi and Morimoto, Haruyuki and Nakajima, Ryota and Nishida, Shuhei and Nishiuchi, Kou and Sakamoto, Shingo and Sano, Masayoshi and Sudo, Kenji and Sugisaki, Hiroya and Tadokoro, Kazuaki and Tanaka, Katsuhiko and Jintsu-Uchifune, Yoshie and Watanabe, Kentaro and Watanabe, Hiromi and Yara, Yumiko and Yotsukura, Norishige and Shirayama, Yoshihisa},
doi = {10.1016/j.marpol.2014.07.009},
issn = {0308-597X},
journal = {Marine Policy},
pages = {136--147},
publisher = {sciencedirect},
title = {{Identification of important marine areas around the Japanese Archipelago: Establishment of a protocol for evaluating a broad area using ecologically and biologically significant areas selection criteria}},
volume = {51},
year = {2015}
}
@article{Yamanouchi2011,
author = {Yamanouchi, Takashi},
doi = {10.1016/j.polar.2010.10.002},
issn = {18739652},
journal = {Polar Science},
keywords = {Arctic,Climate forcing,Early 20th century warming,Internal variability},
number = {1},
pages = {53--71},
title = {{Early 20th century warming in the Arctic: A review}},
volume = {5},
year = {2011}
}
@article{Yeager2017,
author = {Yeager, Lauren A. and Deith, Mairin C.M. and McPherson, Jana M. and Williams, Ivor D. and Baum, Julia K.},
doi = {10.1111/geb.12628},
issn = {14668238},
journal = {Global Ecology and Biogeography},
keywords = {climate,ecosystem function,environmental gradient,functional evenness,functional redundancy,functional richness,habitat complexity,macroecology,species richness},
number = {10},
pages = {1177--1189},
publisher = {wiley},
title = {{Scale dependence of environmental controls on the functional diversity of coral reef fish communities}},
volume = {26},
year = {2017}
}
@article{Zimmerman2020,
author = {Zimmerman, Richard C.},
doi = {10.1007/s12237-020-00837-7},
issn = {15592731},
journal = {Estuaries and Coasts},
keywords = {Carbon dioxide,Energy balance,Energy flow,Metabolic theory,Ocean acidification,Ocean warming,Prediction,Scaling up},
number = {Williams 2001},
publisher = {Estuaries and Coasts},
title = {{Scaling up: Predicting the Impacts of Climate Change on Seagrass Ecosystems}},
year = {2020}
}
